2742 3437
291 347 363 393 sit
384 346 519 390 altera·
546 345 610 390 illa
629 345 929 390 transferendi·
939 359 1070 398 eausa,
1103 343 1253 388 idcirco
1284 344 1473 401 epitheta
1489 334 1784 410 saepenumero
1794 322 1904 396 aad
1926 346 2232 394 mamm
2285 315 2290 319 ι
2365 322 2379 333 η’
2500 393 2516 402 ..

289 417 550 476 nominibus,
568 419 686 477 quod
719 419 777 462 vis
816 425 953 461 eorum
988 422 1194 475 tantopere
1229 408 1455 477 praevalet,
1473 422 1536 460 ut
1541 408 1623 475 pre
1657 408 1832 461 lieentia
1844 409 1987 476 tragici
2010 409 2226 464 ser—fid&
2250 423 2366 463 affl
2372 407 2488 466 Μ

291 495 423 540 locum
458 493 687 550 deposcant,
707 491 844 533 unde
858 497 899 532 et
930 490 979 531 ad
1012 503 1157 532 nomen
1189 496 1336 547 regens
1369 495 1420 532 et
1435 481 1510 532 ad·
1518 481 1741 547 'genitivum'
1771 482 2018 535 &restitum
2045 487 2117 539 Gi
2133 492 2179 537 1.
2184 477 2389 540 animm.
2416 490 2452 536 ’Β

291 566 317 610 l·-
339 579 406 624 pg.
433 564 525 610 23.
538 591 594 598 —
620 562 799 621 Cumque
833 561 995 606 omnino
1029 562 1264 619 perdifficiie
1298 565 1352 607 sit
1359 553 1523 616 dictu,
1533 564 1676 621 quibus
1709 563 1867 606 finibus
1886 577 1937 607 se
1962 565 2155 610 tenuerit
2147 556 2392 623 ”flectamur
2409 564 2452 608 iii

292 638 578 684 transferendis
600 637 800 680 adieetivis
823 635 1002 690 audacia,
1026 650 1106 679 non
1129 637 1385 693 mediocriter
1406 642 1575 693 'augetur
1606 636 1663 679 rei
1692 628 1921 689 difficultas,
1955 642 2043 680 cum
2077 652 2130 680 ne
2148 634 2360 682 ‘cedim-
2365 637 2454 695 'qui-

294 712 386 755 dem
412 711 646 754 auctoritate
680 714 837 767 semper
870 709 961 751 satis
997 709 1201 766 possimus
1214 709 1445 767 confidere}
1483 709 1600 753 haud
1623 724 1714 752 raro
1748 710 1854 752 enim
1896 709 2091 754 dissident
2122 712 2230 754 iuter·
2258 719 2323 754 se
2330 717 2454 769 atque

295 769 530 828 discordant.
590 785 656 826 Sic
691 797 753 825 ex.
787 797 847 838 gr.
883 783 1185 824 Phoenissarum
1221 798 1255 826 v.
1284 783 1422 827 1635:
1473 780 1729 839 τριπτύχους
1758 783 1954 840 θρήνους
1985 786 2152 848 νεκρῶν
2184 784 2224 827 in
2239 781 2454 828 nonnullis

295 858 497 903 codicibus
541 856 659 899 aliter
697 857 841 912 legitur
886 855 1147 912 (τριπτύχων
1181 859 1347 911 νεκρῶν
1380 856 1549 913 γόους);
1585 856 1639 897 in
1672 855 1880 898 Alcestidis
1907 870 1959 898 -v.
1966 846 2068 901 538
2100 853 2164 900 alii
2198 857 2286 901 libri
2312 847 2455 907 ξένων

293 930 409 986 πρὸς
445 928 586 972 ἄλλων
626 928 770 972 ἑστίαν
806 929 1009 983 exhibent,
1049 944 1137 971 cum
1171 930 1234 972 alii
1269 930 1484 986 praebeant
1526 928 1676 987 ἄλλην;
1732 929 1882 973 Phoen.
1907 918 1998 973 604
2033 929 2234 987 Byzantini
2262 931 2454 974 librorum

293 1004 528 1060 scripturam
570 1002 608 1045 ὦ
648 1004 768 1045 θεῶν
799 1001 946 1062 βωμοὶ
978 1005 1178 1059 πατρῷοι
1212 1010 1483 1057 correxerunt,
1516 1017 1605 1045 cum
1639 1003 1799 1045 mallent
1830 1002 2065 1060 πατρῴων.
2134 1004 2270 1055 Quare
2303 1004 2454 1047 etiamsi

293 1092 371 1119 non
399 1075 602 1133 probanda
628 1083 687 1118 est
716 1077 942 1118 criticorum
974 1077 1120 1132 levitas,
1156 1077 1221 1134 qui
1258 1076 1468 1131 interdum,
1502 1090 1580 1133 quo
1614 1076 1804 1134 cuiusque
1838 1075 1961 1119 libido
1997 1075 2163 1130 serebat,
2191 1083 2455 1120 *transvertere

293 1150 483 1193 adiectiva
528 1164 605 1192 non
650 1149 929 1192 dubitaverunt
968 1150 1158 1203 (Lobeck.
1191 1149 1239 1190 ad
1273 1150 1385 1192 Aiac.
1421 1164 1488 1206 pg.
1508 1148 1604 1206 83),
1637 1155 1768 1192 tamen
1801 1152 1909 1192 re'cte
1942 1149 2121 1192 videntur
2156 1149 2295 1193 secisse
2331 1151 2457 1193 inter-

291 1232 425 1281 pretes
475 1224 732 1273 recentiores,
782 1224 847 1280 qui
893 1231 1027 1265 contra
1060 1223 1277 1264 Hermanni
1322 1224 1594 1265 auctoritatem
1628 1224 1698 1276 (ad
1734 1224 1870 1282 Viget.
1906 1238 1970 1280 pg.
1997 1222 2111 1279 891)
2145 1224 2274 1266 locum
2310 1223 2456 1281 duplici

292 1297 500 1355 hypallage
534 1297 727 1353 insignem
762 1296 1021 1352 corrigerent.
1094 1296 1243 1348 (Herc.
1281 1296 1307 1338 f.
1347 1294 1452 1349 396,
1486 1296 1553 1338 ubi
1587 1311 1691 1339 nunc
1729 1297 1874 1353 legitur
1906 1296 2099 1353 χρύσεον
2138 1296 2336 1338 πετάλων
2369 1294 2456 1337 ἀπὸ

288 1370 561 1428 μηλοφόρων
577 1369 680 1427 χερὶ
701 1367 868 1424 καρπὸν
903 1367 1101 1423 ἀμέρξας
1133 1383 1203 1424 pro
1239 1383 1287 1410 eo
1322 1368 1430 1425 quod
1464 1376 1524 1411 est
1557 1370 1594 1411 in
1629 1369 1763 1412 codice
1792 1369 1997 1426 χρυσέων
2022 1403 2031 1413 .
2059 1402 2070 1412 .
2097 1402 2106 1411 .
2127 1368 2417 1427 μηλοφόρον).

392 1516 462 1558 lv.
514 1515 723 1572 Reliquum
770 1522 843 1567 est,
891 1521 933 1556 ut
973 1514 1021 1555 de
1067 1530 1115 1555 eo
1160 1514 1439 1556 adiectivorum
1488 1516 1795 1571 compositorum
1843 1531 1989 1572 genere
2035 1516 2205 1558 breviter
2250 1527 2458 1572 exponam,

296 1587 403 1645 quod
443 1588 505 1629 vix
546 1587 746 1644 expedias
781 1587 853 1630 nisi
889 1586 1093 1642 compositi
1129 1587 1304 1629 membra
1340 1587 1549 1629 divelleris.
1618 1590 1797 1645 Namque
1832 1590 1888 1630 uti
1923 1591 1998 1630 iam
2034 1602 2150 1645 supra
2186 1587 2280 1640 dixi,
2315 1575 2460 1628 multae

293 1660 490 1715 notiones,
536 1675 637 1720 quae
679 1661 877 1703 communi
924 1674 1106 1703 sermone
1152 1660 1360 1703 seiunctim
1404 1661 1670 1713 enuntiantur,
1717 1677 1738 1703 a
1784 1663 1911 1718 poetis
1956 1662 2005 1704 ad
2047 1663 2236 1704 unitatem
2282 1659 2459 1702 vocabuli

295 1741 568 1786 conectuntur,
602 1749 682 1791 quo
716 1734 870 1789 gravius
905 1748 952 1775 ac
984 1734 1251 1775 vehementius
1287 1734 1438 1790 poetica
1473 1735 1527 1775 vis
1562 1749 1698 1776 earum
1733 1749 1777 1776 ac
1811 1735 2061 1777 cohaerentia
2094 1735 2259 1776 eluceat.
2325 1734 2462 1783 Quare

296 1807 330 1847 ei
376 1807 441 1863 qui
487 1813 627 1863 poetae
673 1807 804 1863 graeci
848 1806 965 1848 verba
1010 1812 1145 1848 nostro
1193 1806 1278 1848 usui
1319 1806 1617 1849 accommodare
1651 1807 1745 1859 vult,
1785 1806 1956 1850 solidum
1995 1808 2202 1864 compositi
2243 1821 2384 1862 corpus
2424 1805 2463 1847 in

295 1879 474 1921 membra
511 1881 621 1935 quasi
659 1880 915 1921 disiciendum
956 1886 1027 1921 est.
1095 1881 1157 1921 Ac
1192 1879 1359 1935 primum
1393 1879 1552 1936 quidem
1589 1880 1673 1921 fieri
1710 1887 1854 1936 potest,
1889 1887 1932 1922 ut
1964 1894 2054 1937 pars
2088 1878 2295 1936 compositi
2329 1877 2463 1920 adiec-

294 1953 374 1995 tiva
401 1953 458 1994 vel
484 1952 713 1994 adverbialis
738 1953 787 1994 ad
812 1967 972 2005 nomen,
996 1952 1101 1994 unde
1128 1951 1340 2008 pendebat,
1364 1966 1453 1994 sese
1488 1953 1670 2008 applicet,
1705 1967 1796 2008 pars
1833 1959 1964 1995 autem
1999 1952 2239 1994 substantiva
2274 1951 2463 1993 sui-iuris

297 2025 365 2067 fiat
388 2025 639 2082 genitivoque
674 2040 765 2067 casu
802 2025 1044 2068 enuntietur.
1109 2026 1175 2067 Sic
1199 2024 1320 2081 Hipp.
1349 2024 1458 2067 757.-
1497 2026 1855 2082 κακονυμφοτάτη
1892 2023 2038 2082 ὄνησις
2068 2025 2161 2067 nihil
2196 2023 2302 2066 aliud
2336 2030 2464 2080 potest

296 2098 520 2154 significare
546 2099 616 2140 nisi
641 2098 844 2156 κακιοτην
881 2097 1049 2156 νύμφης
1080 2095 1239 2156 ὄνησιν,
1276 2097 1422 2155 pariter
1455 2105 1572 2155 atque
1605 2096 1794 2155 ὀξύχειρι
1826 2096 1903 2141 σὸν
1937 2097 2085 2155 κτύπῳ
2097 2096 2200 2154 apud
2224 2096 2463 2155 Aeschylum

296 2171 475 2227 Choeph.
519 2172 576 2214 23
655 2188 731 2214 non
774 2178 834 2213 est
881 2172 1039 2228 ,sonitu
1082 2172 1199 2213 celeri
1243 2185 1359 2213 manu
1402 2170 1611 2213 confecto*
1663 2172 1731 2214 sed
1769 2173 1899 2228 potius
1941 2171 2104 2214 stridulo
2146 2185 2332 2213 manuum
2366 2183 2464 2212 sono

296 2244 323 2286 i.
349 2259 384 2285 e.
411 2243 508 2292 ὀξεῖ
534 2242 682 2301 κτύπῳ
699 2243 854 2302 χειρός
885 2245 936 2287 cs.
961 2244 1134 2287 Ellendt.
1171 2259 1205 2288 S.
1231 2259 1264 2287 v.
1284 2243 1580 2300 μεσόμφαλος.
1621 2246 1668 2287 11.
1696 2246 1862 2301 pg.·84.
1917 2245 2068 2287 Similia
2101 2251 2212 2286 sunt:
2251 2244 2325 2299 frg.
2353 2243 2464 2286 462:

295 2316 582 2372 καλλιχόροος
623 2316 779 2364 ἀοιδοῖς
820 2340 868 2356 z
914 2316 1053 2364 καλὰς
1083 2318 1236 2372 χορῶν
1280 2314 1444 2368 ἀοιδάς.
1523 2316 1606 2373 lph.
1648 2318 1694 2360 T.
1724 2317 1800 2361 12:
1856 2314 1927 2359 τὸν
1966 2314 2197 2359 καλλίνικον
2236 2314 2464 2375 στέφανον,

292 2387 420 2431 Ἰλίου
444 2413 494 2430 =
518 2387 650 2431 καλὸν
686 2388 802 2446 νίκης
833 2393 912 2446 τῆς
931 2388 1020 2431 κατ>
1053 2387 1181 2431 Ἰλίου
1215 2387 1439 2444 στέφανον.
1487 2390 1544 2431 El.
1569 2390 1683 2432 865:
1721 2389 1952 2431 καλλίνικον
1986 2389 2120 2445 ᾠδάν,
2169 2390 2321 2431 Pboen.
2347 2384 2463 2432 858:

297 2460 512 2503 καλλίνικα
570 2460 725 2520 στέφη.
840 2460 953 2505 Adde
1004 2460 1187 2504 nonnulla
1240 2476 1259 2504 a
1310 2460 1457 2519 syllaba
1509 2460 1558 2505 εὐ
1608 2461 1798 2507 derivata:
1867 2464 1951 2519 lph.
1994 2465 2041 2506 T.
2085 2463 2225 2505 1139:
2296 2461 2466 2504 εὐάλιον

296 2536 384 2588 πῦρ
403 2558 452 2574 =
477 2534 608 2575 καλὸν
645 2536 724 2575 sive
760 2533 976 2591 εὐφεγγὲς
1006 2534 1127 2592 ἡλίου
1163 2535 1262 2590 πῦρ.
1313 2534 1463 2579 Phoen.
1493 2533 1630 2579 1618:
1669 2533 1872 2586 εὔτεκνος
1902 2533 2087 2591 ξυνωρίς·
2121 2550 2362 2592 generosum
2396 2550 2468 2592 par

296 2607 516 2650 liberorum
557 2608 668 2665 καλὴ
705 2607 866 2650 τέκνων
900 2608 938 2654 ξ.
980 2610 1065 2650 Ion.
1094 2609 1207 2650 424:
1260 2606 1491 2656 εὐτέκνους
1524 2608 1756 2667 χρησμούς
1790 2607 2027 2666 μ’ἐνεγκεῖν
2072 2627 2122 2645 --
2169 2606 2333 2659 καλοὺς
2368 2605 2469 2664 περὶ

295 2678 456 2723 τέκνων
497 2680 739 2739 χρησμούς.
777 2688 1006 2737 argument.
1052 2681 1175 2725 Rhes.
1214 2680 1446 2738 εὐσέληνον
1488 2679 1652 2737 φέγγος
1687 2705 1736 2722 =
1776 2680 1907 2724 καλὸν
1950 2681 2139 2739 σελήνης
2174 2680 2349 2738 φέγγος.
2406 2680 2466 2724 Cr.

294 2754 466 2796 Schoen.
502 2754 564 2795 ad.
592 2754 684 2797 Eur.
713 2754 798 2810 lph.
825 2754 873 2796 T.
904 2752 1024 2795 1083
1065 2753 1166 2794 illius
1202 2752 1297 2796 edit.
1336 2777 1390 2785 —

393 2826 532 2882 Longe
570 2834 699 2869 tamen
741 2827 920 2869 usitatior
959 2840 1005 2868 ea
1046 2832 1105 2868 est
1143 2825 1257 2878 ratio,
1299 2833 1340 2868 ut
1374 2827 1560 2869 adiectiva
1594 2841 1644 2869 ex
1677 2827 1916 2869 substantivo
1951 2833 1991 2868 et
2024 2825 2215 2868 adiectivo
2249 2825 2468 2882 composita

294 2899 346 2940 ita
388 2899 559 2941 debeant
599 2899 769 2952 dissolvi,
811 2907 853 2942 ut
894 2905 1105 2957 utrumque
1151 2898 1370 2941 membrum
1410 2900 1580 2955 genitivo
1614 2907 1801 2957 ponatur:
1852 2899 1960 2957 quod
1993 2898 2288 2957 compositionis
2322 2912 2466 2955 genus,
