2742 3437
184 347 625 432 letiam-pud
635 333 895 445 Aeschylum,
916 370 969 415 ne
989 364 1129 416 diesin
1133 366 1257 428 plane
1278 365 1521 424 inusitatum,
1541 368 1750 427 aliquoties
1772 368 1950 440 legitur
1938 384 1980 413 m
2003 368 2142 414 sabulis
2163 367 2408 428 Sophocleis

240 438 500 510 napis-qn·
505 442 689 487 accurrit
718 442 769 485 in
777 440 1056 501 Euripiden.
1065 442 1297 486 Nonnulla·
1302 440 1357 485 ex
1388 442 1451 495 iis,
1483 455 1586 501 quae
1617 441 1756 485 modo·
1770 437 2082 501 pereenmimus,
2114 442 2200 487 itue
2232 436 2400 488 hemis

182 513 190 518 ⁶
249 529 319 562 a!
311 513 480 563 ’tectius
506 514 606 559 hue
622 515 795 560 reseras.
817 517 913 560 Nec
943 516 1073 571 minus
1105 516 1299 562 incertum
1330 522 1462 573 potest
1491 512 1628 569 videri,
1659 522 1801 558 utrum
1824 510 1953 573 Hipp.
1977 515 2058 558 68:
2109 514 2400 572 εὐπατέρειαν

0 572 43 611 J
171 616 175 620 -
250 574 389 636 αὐλάν
414 584 565 632 rectius
596 586 864 645 interpreteris
893 586 1152 643 εὐδαᾲωνα
1163 586 1332 642 πατρὸς
1359 587 1494 631 αὐλάν
1526 603 1575 631 an
1607 587 1791 643 πατρὸς
1804 587 2065 642 εὐδαιμονος
2093 587 2240 632 αὐλάν.
2289 591 2402 632 Loco

0 658 114 712 “⁶³34
150 728 155 731 Α
214 712 225 715 ..
243 652 395 716 umen,
416 658 486 721 qui
514 659 1007 705 verborum-simil‘midine
1028 658 1080 704 ad
1112 659 1230 704 illum.
1254 661 1434 719 proxime
1466 660 1627 717 accedit,
1660 663 1746 705 lon.
1775 660 1916 706 1073:
1954 661 1984 704 ἁ
2017 663 2102 705 τῶν
2135 660 2399 718 εὐπατριδᾶν

248 734 402 793 rer&
433 732 577 787 οἴκων,
607 748 657 777 eo
679 734 945 791 perducimur,
977 740 1022 776 ut
1052 734 1313 791 posteriorem
1345 736 1624 793 amplectamur
1655 735 2037 793 interpretationem.
2057 758 2113 766 ——
2134 734 2258 780 Rhes,
2282 733 2400 779 260:

250 806 565 867 κακόγαμβρος
597 807 704 864 γόος
731 813 869 865 aperte
902 808 1030 850 luctus
1064 814 1136 862 est,
1169 809 1237 866 qui
1270 815 1446 851 versatur
1478 809 1516 850 in
1549 809 1833 851 calamitatibus
1868 808 2114 864 consobrini;
2165 815 2297 852 utrum
2331 822 2400 851 ex·

251 884 373 942 plices
395 882 544 931 ’κακὸς
572 880 778 940 γαμβροῦ
806 879 914 937 γόος
942 895 990 923 an
1025 881 1134 924 malis
1166 883 1303 924 κακοῦ
1336 880 1537 936 (infelicis)
1569 875 1771 940 γαμβροῦ
1804 880 1910 937 γόος
1944 896 2024 924 non
2057 882 2223 924 multum
2256 882 2399 937 relert3

251 965 508 1018 quocunque·
529 961 660 997 autem
694 954 814 997 modo
846 969 910 997 res
944 968 987 997 se
1020 954 1153 1009 habet,
1186 954 1225 997 id
1258 960 1365 997 certe
1397 954 1609 998 tenendum
1644 962 1716 1011 est,
1749 969 1799 997 eo
1834 955 1994 997 nomine
2028 955 2102 998 hoc
2134 955 2397 1012 compositum

190 1061 207 1081 .
253 1029 476 1086 discrepare
520 1042 542 1070 a
587 1027 956 1085 praecendentibus‚
1006 1027 1116 1087 quod
1164 1026 1367 1087 γαμβροῦ
1416 1028 1605 1084 genitivus
1656 1034 1715 1071 est
1747 1027 1984 1083 obiectivus3
2049 1029 2099 1072 cl.
2135 1029 2273 1071 Schirl.
2310 1029 2336 1072 l.
2372 1029 2399 1072 l.

253 1118 320 1161 pg.
356 1103 429 1145 47.
474 1126 533 1133 —
569 1103 652 1143 Iam
693 1115 785 1144 vero
828 1101 1044 1159 procedant
1086 1115 1147 1157 ea,
1192 1115 1294 1160 quae
1335 1101 1420 1143 sine
1459 1101 1536 1143 ulla
1575 1101 1820 1144 dubitatione
1860 1102 1972 1144 aliter
2011 1102 2140 1159 excipi
2182 1109 2397 1161 nequeunt.

252 1175 365 1221 Med..
401 1175 540 1219 1010:
599 1173 733 1231 δόξης
768 1174 807 1216 δ’
853 1173 1046 1232 ἐσφάλην
1088 1173 1327 1230 εὐαγγέλου
1365 1198 1416 1215 =
1457 1174 1633 1232 ἀγαθῆς
1662 1174 1874 1230 ἀγγελίαςς
1909 1176 1959 1218 cl'.
1991 1175 2138 1217 Aesch.
2174 1175 2247 1230 Ag.
2290 1175 2402 1218 262:

252 1245 544 1305 εὐαγγέλοισιν
583 1245 753 1291 ἐλπίσιν.
821 1248 933 1290 Pind.
971 1249 1086 1292 Nem.
1117 1249 1169 1291 X.
1201 1249 1281 1290 71:
1334 1245 1507 1303 εὐάγων
1545 1247 1643 1302 τιμά
1680 1272 1730 1288 =
1764 1246 1945 1303 ἀγαθῶν
1978 1247 2162 1304 ἀγώνων
2195 1248 2304 1303 τιμά.
2343 1273 2399 1279 -

251 1322 341 1380 lph.
375 1322 423 1364 T.
458 1320 597 1364 1234:
648 1318 801 1370 εὔπαις
830 1320 855 1363 ὁ
888 1320 1058 1370 Λατοῦς
1087 1319 1218 1377 γόνος
1246 1343 1297 1360 =
1331 1320 1496 1363 eximius
1528 1320 1650 1363 infans
1684 1320 1756 1362 luit
1788 1322 1964 1364 Latonae
1998 1320 2113 1364 filius».
2149 1321 2345 1364 cLHerc.
2369 1321 2399 1363 s.

252 1394 358 1438 689.
414 1395 500 1437 lon.
531 1393 644 1436 491:
681 1391 836 1451 βιοτᾶς
860 1391 1068 1441 εὔπαιδος
1097 1390 1285 1450 ἐχοιμαν.
1345 1393 1431 1435 Alc.
1457 1392 1571 1435 904:
1615 1390 1656 1450 ᾤ
1677 1392 1812 1448 κόρος
1830 1393 2095 1452 ἀξιόθρηνος
2113 1392 2234 1436 αὔλειρ
2261 1392 2308 1436 ἐν
2329 1391 2398 1436 δό-

247 1481 388 1524 μοισιν
406 1466 621 1521 μονόπαις
642 1466 802 1520 iuvenis,
826 1467 894 1525 qui
918 1473 1022 1509 esset
1044 1466 1181 1509 unicus
1204 1466 1320 1509 filius.
1355 1467 1492 1525 ltaque
1516 1467 1587 1509 Or.
1613 1466 1728 1508 964:
1761 1466 2057 1524 Περσέφασσα
2075 1466 2297 1516 καλλίπαις
2316 1467 2403 1509 θεά

253 1541 367 1585 deam
390 1540 594 1596 significat,
626 1554 727 1597 quae
765 1540 950 1595 pulchrae
980 1540 1083 1581 filiae
1115 1545 1293 1581 naturam
1321 1539 1482 1581 habeat:
1530 1541 1894 1595 interpretationem
1924 1542 2027 1582 enim
2056 1541 2170 1582 huius
2193 1541 2400 1596 compositi

252 1613 512 1673 possessivum
530 1611 768 1656 reiciendam
788 1627 875 1656 esse
893 1612 1006 1657 docte
1024 1612 1292 1670 comprobavit
1306 1612 1544 1656 Schirlitzius
1562 1613 1587 1657 l.
1607 1613 1632 1658 l.
1652 1628 1718 1669 pg.
1737 1612 1797 1657 53
1818 1612 1857 1655 in
1876 1614 2147 1667 annotatione3
2177 1612 2262 1656 vide
2281 1614 2400 1655 etiam

253 1688 394 1731 Klotzii
442 1693 575 1729 notam
617 1686 655 1727 in
696 1686 789 1729 edit.
826 1687 898 1730 Or.
936 1700 1002 1743 pg.
1047 1685 1147 1730 139.
1198 1711 1250 1717 —
1295 1687 1417 1729 Herc.
1452 1686 1480 1729 s.
1504 1685 1615 1729 839:
1663 1684 1886 1734 καλλίπαις
1921 1685 2137 1742 στέφανος
2166 1709 2216 1726 =
2257 1686 2402 1728 καλῶν

254 1760 419 1803 παίδων
448 1758 673 1816 στέφανος.
701 1760 786 1802 Ion.
818 1758 923 1802 169:
961 1757 1302 1817 καλλιφθόγγους
1331 1757 1466 1815 ᾠδάς.
1510 1759 1595 1815 lph.
1620 1760 1664 1801 T.
1694 1758 1832 1802 1574:
1869 1758 2215 1814 καλλιπαρθένου
2248 1757 2400 1817 δέρης,

254 1833 364 1893 quod
409 1847 481 1875 our
519 1831 658 1889 καλῆς
695 1831 918 1886 παρθένου
957 1829 1112 1890 ὃέρην“
1131 1831 1352 1888 significare
1386 1846 1466 1873 non
1498 1845 1614 1888 posse
1646 1830 1865 1874 Ellendtius
1899 1831 2113 1875 contendat
2147 1832 2245 1883 (lex.
2270 1832 2398 1888 Soph.

253 1908 304 1950 11.
329 1921 394 1963 pg.
432 1905 509 1961 86)
550 1919 626 1960 ego
670 1919 747 1946 non
790 1919 993 1964 assequor.
1033 1929 1087 1936 —
1126 1904 1232 1948 Med.
1254 1903 1369 1948 557:
1419 1903 1593 1958 ἅμιλλαν
1626 1903 1893 1947 πολύτεκνον.
1959 1905 2085 1961 Soph.
2106 1905 2171 1947 Αἰ.
2194 1903 2274 1947 55:
2325 1918 2400 1946 πο·

253 1977 447 2034 λυκέρων
487 1976 618 2034 φόνον
658 2001 708 2018 -...-
749 1977 916 2020 πολλῶν
959 1976 1248 2034 κερασφόρων
1290 1976 1413 2025 ζώων
1450 1992 1495 2033 φ.
1528 1992 1767 2036 quamquam
1801 1978 1902 2019 haec
1936 1978 2172 2020 scholiastae
2205 1976 2399 2019 sententia

254 2065 393 2110 parum
424 2049 621 2093 credibilis
655 2049 807 2092 videtur
838 2050 1043 2094 Lobeckio
1077 2064 1142 2108 pg.
1171 2050 1271 2094 101.
1308 2075 1362 2082 —
1400 2049 1541 2093 Troad.
1568 2049 1679 2093 232:
1719 2048 1936 2107 ταχύπουν
1969 2047 2085 2107 ἴχνος
2115 2047 2309 2098 ἐξανύων
2348 2050 2403 2092 cl'.

253 2125 377 2168 Bach.
415 2123 521 2167 169:
570 2122 709 2165 κῶλον
744 2121 841 2179 ἄγει
874 2123 1103 2180 ταχύπουν.
1169 2124 1291 2180 Soph.
1312 2124 1374 2166 El.
1397 2122 1507 2166 699:
1554 2122 1759 2171 ὠκύπους
1789 2122 1921 2179 ἀγών.
1956 2147 2011 2153 -
2048 2122 2137 2166 Alc.
2159 2123 2270 2165 442:
2316 2136 2401 2178 με-

249 2196 502 2253 λάμπεπλος
548 2195 678 2252 στολή
730 2217 779 2236 =
821 2196 1012 2251 μέλανος
1048 2195 1213 2239 πέπλου
1251 2196 1397 2253 στολή,
1438 2196 1508 2238 nisi
1548 2197 1668 2238 mavis
1700 2195 1979 2238 abundantiam
2013 2202 2185 2238 statuere
2220 2195 2402 2238 vocabuli

255 2269 422 2318 πέπλος
451 2271 523 2322 [=
552 2266 737 2323 μέλαινα
779 2269 945 2326 στολή).
979 2269 1068 2325 srgt.
1094 2267 1203 2311 359:
1241 2269 1525 2324 τριπάρθενον
1558 2268 1709 2324 ζεῦγος
1728 2292 1778 2308 =
1806 2270 1935 2323 τριῶν
1967 2267 2202 2323 παρθένων
2237 2267 2403 2325 ζεῦγος,

255 2358 306 2387 ex
338 2342 460 2385 tribus
494 2340 706 2397 virginibus
741 2348 924 2385 constans
957 2341 1104 2397 iugum.
1128 2366 1184 2372 —
1210 2341 1360 2384 Phoen.
1389 2342 1523 2384 1351:
1567 2342 1852 2396 λευκοπήχεις
1883 2341 2073 2388 κτύπους
2097 2342 2247 2396 χεροῖν
2280 2342 2404 2382 scho-

254 2415 364 2460 liasta
387 2412 560 2471 intellegi
582 2412 663 2456 vult
690 2412 855 2459 traiecto
884 2413 1073 2459 adiectivo
1098 2411 1407 2472 λευκοπήχεων
1423 2416 1571 2472 χερῶν
1591 2412 1793 2469 κτύπους;
1835 2429 1954 2472 quem
1988 2416 2167 2472 sequitur
2199 2415 2405 2457 Lobecki-

257 2502 306 2531 us
352 2487 401 2529 ad
449 2487 512 2529 Ai.
555 2501 622 2545 pg.
650 2486 723 2531 73.
766 2488 954 2546 analogiis
993 2487 1118 2543 nisus,
1152 2500 1254 2547 quae
1288 2501 1383 2531 sane
1416 2487 1561 2532 multae
1595 2493 1756 2545 praesto
1790 2493 1900 2541 sunt,
1943 2491 1985 2529 ut
2019 2483 2230 2544 εὐπήχεις
2254 2486 2411 2544 χεῖρες

254 2563 347 2605 aliis
380 2562 417 2602 id
453 2574 598 2617 genus3
646 2560 760 2604 'recte
795 2569 925 2604 tamen
959 2562 1124 2619 opponit
1154 2561 1397 2603 Schirlitzius
1425 2561 1619 2618 pg.102.
1656 2561 1764 2602 nullo
1798 2558 1875 2602 alio
1909 2560 2001 2602 loco
2035 2559 2118 2616 pari
2152 2558 2274 2603 modo
2307 2560 2407 2618 hyp-

255 2635 411 2692 allagen
452 2649 544 2678 cum
583 2635 827 2680 abundantia
865 2636 1079 2679 coaluisse.
1170 2635 1307 2692 ltaque
1345 2634 1608 2691 praeoptanda
1654 2633 1804 2676 videtur
1844 2631 1918 2674 alia
1958 2632 2242 2688 interpretandi
2282 2633 2406 2690 ratio;

255 2708 545 2765 λευκοπήχεις
581 2709 685 2751 enim
724 2707 875 2751 κτύποι
906 2706 1159 2764 intellegendi
1193 2713 1285 2749 sunt
1314 2706 1478 2749 λευκῶν
1510 2706 1687 2764 πήχεων
1720 2704 1885 2759 κτύποις
1937 2704 2133 2761 genitivus
2168 2711 2300 2748 autem
2331 2720 2407 2763 χε-

199 2788 203 2791 ·
252 2782 349 2838 ροῒν
388 2781 460 2824 toti
493 2781 695 2825 enuntiato
729 2781 780 2824 ad
813 2781 1031 2838 augendam
1065 2779 1384 2837 perspicuitatem
1418 2795 1488 2837 per
1519 2780 1759 2837 epexegesin
1792 2777 1953 2821 additus
1987 2785 2062 2821 est.
2103 2802 2159 2809 —
2197 2779 2310 2822 ldem
2344 2787 2410 2823 est

261 2867 359 2897 usus
399 2853 578 2897 adiectivi
612 2853 909 2912 μεσόμφαλος,
942 2855 1057 2898 cuius
1089 2853 1267 2910 exempla
1306 2852 1519 2910 Euripiden
1559 2853 1657 2895 haec
1696 2858 1807 2894 sunt:
1866 2851 1939 2893 Or.
1973 2850 2084 2894 331:
2133 2852 2411 2910 μεσόμφαλοι

251 2925 398 2985 μύχοι.
433 2926 514 2971 ibd.
549 2926 661 2972 591:
696 2927 1010 2987 μεσομφάλους
1029 2924 1177 2984 ἕδρας.
1212 2925 1361 2970 Phoen.
1386 2923 1494 2970 239:
1521 2923 1783 2983 μεσόμφαλα
1804 2922 1946 2981 γύαλα
1973 2922 2150 2984 Φοίβου.
2185 2926 2271 2971 Ιοιι.
2296 2925 2410 2974 462:
