2742 3437
277 346 415 407 igitur,
460 351 663 390 sermonis
708 347 851 408 tragici
897 346 1078 390 inventor
1121 345 1264 401 (Arist.
1293 346 1393 390 Ran.
1427 345 1584 401 1004),
1623 361 1713 390 cum
1754 344 2018 406 intellegeret,
2058 363 2161 406 novo
2205 347 2422 393 carminum

279 419 421 479 generi
456 419 509 462 ad
539 420 822 479 depingendus
852 419 1171 463 vehementiores
1193 419 1311 462 animi
1341 427 1472 461 motus
1504 418 1668 462 altiores
1698 419 1862 479 spiritus
1885 433 1979 463 esse
2011 420 2293 474 assumendos,
2321 420 2424 465 siout

278 493 479 536 cothurno
509 493 671 536 invento
706 509 903 551 personas
936 492 1126 552 passibus
1160 492 1376 552 majoribus
1410 508 1529 550 quam
1564 493 1749 535 humanis
1784 493 1973 536 incedere
2006 495 2112 547 fecit,
2145 495 2195 538 ita
2231 495 2349 538 etiam
2382 495 2422 536 in
2457 499 2460 503 “

277 564 468 627 eligendo
508 566 667 611 dicendi
707 582 869 626 genere,
908 567 1072 610 semitas
1112 567 1212 610 satis
1253 566 1366 610 tritas
1406 565 1552 609 iterare
1592 567 1847 626 dedignatus,
1887 566 2022 610 maluit
2062 568 2266 613 vocabulis
2303 578 2420 613 antea

278 640 479 696 inauditis,
513 639 768 700 grandisonis
802 647 841 683 et
874 640 1132 700 exaggeratis
1166 639 1407 684 audientium
1441 638 1599 683 animos
1633 639 1852 684 oblectare.
1898 639 2033 702 ltaque
2067 641 2118 700 ad
2153 642 2419 703 componendi

280 732 424 757 munus
464 715 680 773 diligenter
719 715 1020 773 suscipiendum
1055 729 1133 757 non
1169 715 1298 757 minus
1332 715 1418 773 ipsa
1454 713 1549 757 artis
1584 714 1720 776 indole
1753 729 1872 774 quam
1908 715 2074 759 naturali
2109 716 2312 761 desiderio
2347 717 2420 760 im-

279 789 432 846 pulsus,
461 788 691 830 felicissima
721 788 839 828 animi
869 789 1037 829 audacia
1071 788 1244 846 linguam
1275 804 1355 846 quo
1390 789 1561 828 nondum
1598 797 1831 846 perrexerat
1863 798 2009 846 suopte
2046 790 2205 848 ingenio
2239 790 2417 832 adduxit.

276 862 373 907 Cum
414 870 544 905 autem
586 878 665 904 non
706 877 920 919 nunquam,
961 861 1195 920 praesertim
1237 861 1274 903 in
1311 860 1508 918 lingendis
1543 863 1721 915 canticis,
1756 863 2045 919 dithyrambico
2080 866 2254 920 quodam
2289 866 2419 906 surore

277 935 484 995 abreptus,
538 940 773 994 portentosa
822 933 1081 994 progigneret
1128 933 1333 990 vocabula,
1382 950 1484 995 quae
1530 933 1616 980 sine
1664 933 1863 996 pulmonis
1911 936 2120 981 vexatione
2164 946 2202 982 et
2248 935 2418 982 anhelitu

277 1010 335 1050 vix
393 1018 562 1067 possent
618 1009 879 1065 pronuntiari,
936 1009 1019 1049 lieri
1072 1024 1148 1048 non
1200 1010 1326 1066 potuit
1376 1009 1469 1066 quin
1522 1009 1558 1049 in
1609 1009 1852 1050 comicorum
1905 1009 2148 1070 irrisionem
2181 1011 2417 1053 incurreret.

275 1082 568 1140 Aristophanes
602 1082 706 1124 enim
742 1081 781 1122 in
810 1082 1006 1124 Ranarum
1042 1081 1198 1123 fabulae
1233 1091 1345 1139 parte
1380 1083 1621 1139 posteriore,
1656 1083 1719 1122 ubi
1746 1082 1972 1140 Euripidem
2009 1084 2058 1125 de
2094 1083 2224 1141 palma
2261 1085 2417 1142 poetica

273 1155 565 1213 disceptantem
601 1153 692 1197 facit
733 1170 822 1197 cum
859 1154 1075 1211 Aeschylo,
1110 1155 1214 1197 hunc
1255 1160 1412 1212 poetam
1448 1154 1625 1212 appellat
1658 1156 2167 1212 κομποφακελορρήμονα
2202 1160 2259 1210 (ν.
2295 1157 2419 1211 839),

266 1229 448 1287 ῥήματα
478 1230 739 1285 γομφοπαγῆ
770 1225 1001 1286 πινακηδὸν
1031 1226 1294 1270 ἀποσπῶντα
1327 1231 1383 1281 (ν.
1414 1228 1527 1281 823)
1552 1228 1664 1270 cuius
1695 1227 1851 1287 singula
1877 1228 2132 1271 verba-haud
2163 1246 2254 1272 raro
2284 1240 2420 1273 essent

270 1303 583 1362 sesquipedalia,
638 1303 764 1345 atroci
811 1303 924 1361 quasi
974 1302 1191 1361 supercilio
1237 1310 1348 1344 torva
1391 1305 1445 1356 (v.
1486 1302 1599 1344 924:
1643 1301 1859 1359 ῥήματ’ἂν
1912 1301 2041 1361 βόεια
2103 1302 2255 1345 ἄώόεἰ
2304 1300 2419 1346 εἶπεν

272 1376 413 1434 ὀφρῦς
445 1374 600 1434 ἔχοντα
633 1375 706 1418 καὶ
738 1376 909 1432 λόφους.
974 1377 1023 1418 cf.
1060 1377 1185 1434 epigr.
1223 1376 1417 1434 Antipatri
1455 1375 1610 1418 lacobs.
1649 1375 1726 1418 del.
1764 1375 1894 1434 epigr.
1930 1375 1992 1418 lV.
2017 1376 2097 1420 55:
2147 1374 2419 1433 ὀφρυόεσσαν

274 1451 425 1507 ἀοιδὴν
460 1450 729 1505 πυργώσας.)
768 1476 820 1482 -—-
860 1450 1040 1492 Attamen
1076 1451 1109 1491 si
1150 1450 1437 1507 perlustramus
1479 1459 1600 1491 totam
1642 1450 1887 1491 inventorum
1924 1450 2235 1506 Aeschyleorum
2272 1452 2416 1492 seriem

274 1538 444 1568 recensu
484 1523 619 1567 habito
662 1521 749 1566 luce
789 1522 937 1566 clarius
976 1522 1201 1582 apparebit.
1241 1539 1401 1582 semper
1442 1531 1601 1582 poetam
1636 1523 1672 1565 in
1708 1523 1975 1582 componendi
2011 1523 2215 1582 provincia
2251 1524 2417 1567 admini-

272 1598 437 1642 stranda
488 1597 611 1640 certis
663 1613 707 1639 se
759 1597 902 1639 linibus
947 1597 1125 1639 tenuisse
1166 1613 1296 1655 neque
1350 1613 1519 1654 unquam
1564 1613 1691 1654 usque
1732 1597 1836 1638 adeo
1876 1597 2070 1639 audaciae
2115 1596 2344 1651 indulsisse,
2379 1607 2418 1639 ut

273 1687 452 1715 summas
486 1670 790 1729 compositionis
826 1669 937 1729 leges
972 1671 1179 1729 migraret:
1229 1671 1262 1712 si
1298 1670 1460 1729 quidem
1498 1685 1710 1729 numquam
1747 1669 1847 1712 ultra
1882 1670 1970 1712 bina
2007 1669 2183 1712 membra
2218 1670 2418 1712 coniunxit

272 1746 343 1797 (cl'.
392 1745 511 1787 'sodt.
541 1745 598 1786 vde
639 1743 840 1801 Aeschylo
880 1743 1163 1786 vocabulorum
1205 1744 1424 1785 inventore.
1501 1742 1624 1784 Halis.
1658 1743 1812 1793 1855).
1886 1743 1989 1795 Quid
2032 1739 2176 1801 igitur?
2232 1741 2415 1786 iniustam

275 1818 567 1876 Aristophanes
592 1818 830 1859 sententiam
856 1817 939 1858 tulit
969 1818 1019 1859 de
1047 1834 1109 1861 eo,
1140 1818 1201 1858 cui
1238 1816 1410 1875 palmam
1447 1816 1638 1873 tragicam
1675 1816 1830 1857 deferre
1866 1832 1943 1856 non
1979 1813 2216 1857 dubitabat?
2261 1814 2416 1858 Minime

275 1891 438 1934 credas.
506 1891 643 1947 ltaque
687 1889 792 1931 aliud
837 1890 930 1947 quid
983 1890 1351 1948 circumspiciamus
1392 1898 1564 1947 oportet.
1605 1890 1713 1946 quod
1757 1890 1966 1932 subveniat
2011 1888 2207 1948 angustiis
2250 1888 2418 1939 nostris;

273 1963 380 2006 aliud
421 1963 516 2022 quid
558 1962 874 2022 investigandum
918 1970 992 2017 est,
1031 1962 1138 2021 quod
1179 1962 1370 2016 declaret,
1405 1977 1477 2005 cur
1511 1961 1632 2004 dictio
1668 1961 1820 2021 tragica
1855 1962 2019 2006 comicis
2054 1961 2200 2005 acerba
2235 1960 2416 2004 irrisione

273 2038 395 2098 digna
442 2037 525 2080 visa
564 2036 627 2091 sit.
668 2036 705 2079 id
746 2036 855 2096 quod
896 2036 982 2081 sola
1024 2036 1214 2081 vocabula
1258 2037 1486 2096 ponderosa
1529 2037 1589 2079 vix
1633 2045 1802 2095 possunt
1841 2037 2065 2081 declarare.
2116 2065 2170 2070 -—
2218 2036 2342 2079 Porro
2382 2034 2414 2077 si

274 2111 578 2154 consideramus
618 2108 833 2168 Sophoclis
875 2120 913 2153 et
954 2110 1153 2169 Euripidis
1194 2111 1361 2158 fabulas,
1402 2127 1506 2169 quae
1547 2111 1685 2168 procul
1726 2111 1848 2152 dubio
1890 2113 2135 2154 inventorum
2176 2110 2343 2152 audacia
2376 2117 2415 2150 et

276 2186 488 2229 verborum
534 2183 759 2243 granditate
801 2183 1041 2241 Aeschyleis
1083 2184 1200 2243 longe
1240 2185 1400 2239 cedunt,
1445 2200 1577 2226 nonne
1619 2193 1657 2226 et
1692 2185 1805 2243 ipsae
1845 2185 2037 2244 tragicum
2081 2200 2175 2241 prae
2209 2199 2253 2226 se
2290 2183 2416 2225 serunt

274 2259 466 2313 colorem,
506 2273 638 2301 nonne
679 2266 760 2300 toto
801 2256 916 2300 caelo
957 2257 1103 2301 distant
1142 2268 1180 2300 et
1214 2259 1264 2301 ab
1300 2257 1402 2317 epici
1438 2257 1624 2299 carminis
1659 2257 1825 2316 copiosa
1860 2257 2112 2317 simplicitate
2148 2267 2186 2299 et
2219 2273 2241 2298 a
2277 2255 2417 2299 sedato

458 2446 482 2484 ¹)
526 2445 597 2483 Qua
630 2444 672 2475 de
703 2454 736 2475 re
768 2448 870 2475 exstat
900 2444 1054 2475 iudicium
1089 2444 1123 2476 G.
1149 2445 1359 2481 Huniholdtii,
1387 2445 1539 2476 acerrimi
1573 2445 1719 2487 prosectu
1750 2445 1882 2476 iudicis:
1918 2444 2103 2486 Eintenung
2127 2445 2157 2476 in
2182 2443 2235 2474 die
2260 2442 2417 2484 Kawispr.

529 2496 579 2527 vt.
602 2497 708 2534 327.)
743 2521 759 2533 ,,
770 2496 812 2527 Es
836 2499 877 2527 ist
900 2497 1046 2528 offenbar
1067 2508 1126 2528 von
1149 2508 1283 2537 grosser
1299 2497 1518 2537 Wicnugkeit‚
1543 2498 1604 2526 wie
1628 2497 1689 2527 viel
1713 2496 1786 2527 eine
1803 2497 1948 2537 Sprache
1973 2498 2003 2527 in
2021 2497 2079 2528 Ein
2096 2496 2185 2526 Wort
2203 2495 2418 2526 einschliesst.

528 2554 605 2581 statt
620 2549 691 2580 sich
707 2549 766 2580 der
782 2548 1043 2590 Umschreibung
1059 2550 1161 2581 durch
1179 2551 1327 2582 mehrere
1343 2561 1380 2582 zu
1398 2551 1572 2582 bedienen.
1602 2550 1690 2580 Auch
1709 2549 1767 2581 der
1788 2540 1864 2590 gnte
1880 2550 2113 2581 Schriststeller
2129 2549 2186 2579 obt
2204 2548 2306 2579 hierin
2325 2557 2417 2588 sorg-

529 2602 639 2641 saltige
654 2601 947 2641 Unterscheidung.
961 2612 1010 2632 wo
1028 2603 1093 2632 ihm
1111 2603 1163 2633 die
1177 2602 1323 2643 Sprache
1335 2603 1389 2633 ‹lie
1407 2602 1498 2633 Wahl
1516 2602 1669 2632 freilasst.
1694 2601 1758 2632 Das
1776 2602 1912 2643 richtige
1926 2600 2191 2643 Gleichgewichl.
2208 2599 2348 2631 welches
2364 2599 2417 2630 die

529 2654 735 2694 griechische
760 2653 905 2695 Sprache
931 2653 1034 2686 hierin
1059 2654 1263 2690 beobachtet.
1293 2655 1407 2696 gehort
1430 2655 1551 2695 gewiss
1575 2663 1611 2685 zu
1637 2654 1729 2685 ihren
1753 2658 1904 2694 grossten
1928 2654 2158 2686 Schonheiten.
2219 2651 2281 2683 Das
2312 2653 2342 2683 in
2373 2652 2417 2683 ei-

530 2717 603 2737 nem
636 2708 724 2737 Wort
757 2705 973 2739 verbundene
1002 2707 1088 2738 stellt
1119 2707 1188 2738 sich
1218 2707 1300 2738 auch
1334 2708 1393 2738 der
1423 2707 1519 2738 Seele
1550 2706 1642 2737 mehr
1673 2706 1721 2736 als
1752 2705 1828 2737 Eins
1863 2707 1932 2741 dar,
1971 2707 2011 2737 da
2047 2706 2100 2736 die
2132 2704 2258 2735 warte:-
2293 2705 2322 2734 in
2360 2703 2418 2735 der

530 2759 675 2801 Sprache
699 2760 757 2791 das
781 2761 866 2796 sind,
896 2770 964 2792 was
988 2760 1040 2791 die
1063 2758 1253 2791 individuen
1278 2761 1309 2791 in
1335 2760 1393 2791 der
1417 2758 1651 2790 Wirldichkeit.
1697 2758 1740 2790 Es
1764 2764 1873 2800 erregt
1896 2759 2088 2799 lebendiger
2111 2758 2164 2789 dic
2189 2756 2417 2797 Einbndungs-

529 2812 622 2844 kraft.
645 2812 693 2843 als
718 2821 785 2843 was
809 2813 919 2843 dieser
942 2811 1066 2843 einzeln
1091 2812 1257 2852 zugezahlt
1281 2812 1372 2842 wird.
1419 2811 1524 2841 Daher
1548 2812 1589 2841 ist
1612 2810 1671 2840 das
1688 2810 1929 2841 Einschliessen
1955 2811 1985 2841 in
2006 2810 2066 2841 Ein
2085 2809 2175 2840 Wort
2199 2808 2289 2839 mehr
2313 2808 2417 2840 Sache

529 2864 590 2894 der
611 2862 922 2904 Einbitdungskrarn
953 2864 1006 2895 die
1037 2863 1211 2902 Trennung
1241 2864 1332 2895 mehr
1363 2864 1416 2895 die
1447 2864 1506 2895 des
1533 2861 1768 2894 Verstandes.¹¹
