2742 3437
178 236 202 288 .’
264 272 460 324 δίαυλος
486 247 686 330 exposuit,
713 270 753 314 id
780 270 819 314 in
842 269 1041 335 Euripidis
1066 269 1198 315 locum
1222 270 1383 314 minime
1405 248 1588 329 quadrat.
1657 267 1886 330 Sophocles
1907 270 2011 314 Ood.
2033 268 2119 313 Col.
2149 268 2270 314 1058
2294 269 2410 314 Aufi-

265 360 435 409 gamm
459 352 500 389 ct
543 342 742 388 bunonem
769 352 894 388 ‘recte
924 350 1098 403 poterat
1135 341 1345 404 appellare
1383 342 1464 393 τὰς
1503 342 1724 394 διο-τύλους
1760 341 1960 402 ἀδμῆτας
1993 341 2204 402 ἀδελφάςς
2266 342 2409 398 ’,ἰιιοα

265 405 375 467 min
407 415 449 467 'iu
470 415 642 465 στόλος
676 414 843 476 elegans
881 415 1137 477 significatio,
1175 415 1285 476 quod
1323 415 1363 459 in
1402 416 1496 476 ipso
1533 416 1673 460 itinere
1711 432 1736 459 a
1775 414 1937 460 Theseo
1975 415 2180 460 liberatam
2227 415 2322 461 illus
2357 415 2405 460 iri

265 494 418 540 ahorn
448 489 712 550 auguratur!
764 489 920 533 Pariter
949 487 1080 549 Soph.
1116 488 1214 533 Phil.
1239 488 1350 534 496:
1398 488 1653 533 αὐτόστολον
1685 489 1918 549 πέμψαντα
1946 488 1990 545 μ’
2035 487 2226 547 ἐκσῷσαι
2256 489 2412 546 δόμοις

266 582 369 612 sane
394 566 506 628 prior
533 562 746 625 compositi
778 562 886 608 notio
914 561 1047 613 αὐτός
1077 562 1130 606 ad
1162 578 1325 628 sensum
1359 561 1580 623 praevalet3
1618 578 1748 624 neque
1771 572 1904 608 tamen
1937 562 2048 607 notio
2080 561 2243 607 alterius
2274 563 2405 624 partis

269 637 523 701 neglegenda
561 646 642 694 est3
692 645 755 681 est
793 636 897 680 enim
937 634 1197 687 αὖτόστολος
1238 636 1357 697 ,ipse
1388 636 1568 696 parans‘
1608 636 1696 681 scil.
1733 652 1889 682 navem.
1954 637 1996 681 ln
2030 635 2236 697 iphigenia
2268 646 2402 682 autem

269 711 475 760 Aulidensi
504 710 654 756 chorus
678 710 850 755 classem
874 709 1166 771 contemplatur
1198 726 1276 755 non
1310 726 1421 754 mare
1453 721 1767 770 percurrentem.
1801 710 1875 756 sed
1909 711 1948 755 in
1983 710 2098 755 litore
2131 718 2317 755 stantem.
2342 737 2399 747 ·——

228 833 231 834 ι
267 787 357 833 Alc.
387 786 498 830 407:
551 783 749 840 λείπομαι
786 783 913 842 φίλας
943 784 1207 840 μονόστολος
1237 783 1408 840 ματρός
1426 807 1476 825 --
1499 783 1626 828 solus.
1694 784 1847 830 Phoen.
1873 786 1985 829 742:
2032 784 2172 843 λόχων
2204 783 2403 828 ἀνάσσειν

266 862 296 921 ἢ
328 859 593 917 μονοστόλου
624 858 768 915 δορός.
834 858 982 901 Aesch.
1013 856 1158 918 Suppl.
1189 857 1301 901 496:
1343 861 1524 916 μορφῆς
1552 856 1633 915 οὐχ
1664 858 1901 913 ὁμόστολος
1929 858 2058 916 φύσις
2077 882 2127 900 =
2149 858 2308 914 ὁμοῖος.
2343 882 2398 890 ——

266 934 389 979 Rhes.
424 934 473 976 5:
530 931 815 987 τετράμοιρος
855 929 1004 980 νυκτὸς
1043 931 1212 989 φυλακή
1254 938 1421 991 propter
1460 930 1640 974 eiusdem
1679 929 1835 975 fabulae
1875 948 1911 975 v.
1942 932 2050 988 542,
2088 946 2169 991 quo
2209 931 2402 975 docemur

267 1006 511 1069 praesidium
543 1005 674 1049 noctis
705 1005 743 1048 in
778 1005 953 1066 quinque
988 1014 1124 1066 partes
1158 1004 1327 1049 divisum
1360 1003 1499 1060 fuisse,
1531 1003 1627 1047 nihil
1659 1003 1765 1048 aliud
1798 1013 1932 1065 potest
1964 1019 2075 1059 esse‚
2108 1020 2225 1065 quarn
2258 1013 2399 1065 quarta

267 1081 396 1125 noctis
431 1079 572 1139 vigilia.
615 1082 676 1124 -J.
701 1078 898 1124 Schmidt.
936 1079 959 1122 Ι.
995 1079 1018 1122 l.
1054 1096 1122 1138 pg.
1152 1080 1228 1123 54.
1273 1104 1326 1111 -
1368 1079 1452 1137 lph.
1485 1078 1530 1121 T.
1562 1079 1671 1122 263:
1719 1079 1933 1129 κοιλωπὸς
1966 1079 2108 1135 ἀγμός
2142 1079 2196 1121 nil
2228 1088 2291 1122 est
2323 1080 2398 1123 nisi

274 1152 485 1213 ‚cavus⁴;
523 1153 561 1197 in
597 1152 796 1197 nonnullis
821 1152 938 1207 enim,
972 1168 1077 1212 quae
1111 1151 1419 1212 proficiscantur
1452 1151 1502 1196 ab
1530 1151 1619 1211 ὤῴ,
1652 1152 1969 1197 terminationem
2004 1151 2100 1196 nihil
2134 1153 2315 1197 conferre
2347 1153 2398 1197 ad

266 1225 597 1287 significationem
637 1226 757 1271 docet
791 1225 923 1270 Herm.
959 1225 1011 1269 ad
1045 1224 1104 1271 Ai.
1131 1226 1236 1270 221.
1303 1224 1412 1269 Idem
1445 1240 1540 1269 vero
1572 1224 1694 1269 multo
1729 1226 1846 1269 etiam
1880 1225 2022 1270 melius
2057 1234 2192 1286 potest
2225 1226 2397 1285 probare

265 1300 504 1344 adiectivum
547 1299 744 1354 ἐξώπιος,
787 1300 895 1360 quod
935 1314 1026 1343 cum
1065 1299 1173 1359 apud
1212 1298 1340 1342 solum
1381 1299 1601 1343 inveniatur
1633 1299 1864 1358 Euripidem
1898 1299 2038 1343 nescio
2072 1299 2275 1359 quomodo
2309 1315 2402 1359 per-

267 1374 417 1435 placuit
460 1383 618 1435 poetae.
685 1374 773 1418 Alc.
803 1374 915 1419 546:
968 1374 1182 1431 δωμάτων
1223 1372 1436 1423 ἐξωπίους
1471 1373 1664 1423 ξενῶνας
1698 1371 1829 1423 οἴξας.
1901 1372 2005 1418 Med.
2038 1373 2149 1417 624:
2193 1372 2399 1431 χρονίζων

265 1449 479 1504 δωμάτων
519 1447 714 1498 ἐξώπιος.
780 1447 921 1508 Suppl.
955 1449 1093 1492 1038:
1139 1447 1285 1503 δόμων
1325 1445 1512 1496 ἐξώπιος
1537 1445 1743 1506 βέβηκεν.
1808 1446 1959 1507 Lepide
1992 1447 2111 1507 igitur
2144 1447 2196 1491 ob
2231 1447 2308 1501 hoc
2340 1447 2402 1506 ip-

266 1537 352 1565 sum
413 1522 648 1566 vocabulum
707 1522 912 1566 deridetur
970 1522 1021 1565 ab
1076 1520 1348 1581 Aristophane
1407 1518 1569 1564 Thesm.
1632 1521 1738 1564 811.
1799 1546 1852 1553 —
1910 1521 2008 1565 Hec.
2064 1522 2146 1565 121
2213 1521 2251 1564 in
2303 1535 2401 1564 voce

260 1595 522 1651 μαντιπόλος
540 1595 685 1655 Βάκχη
708 1596 997 1656 propemodum
1022 1595 1179 1639 evanuit
1201 1594 1312 1638 verbi
1336 1592 1481 1636 πολέω
1505 1593 1756 1653 significatio,
1779 1610 1884 1654 quae
1907 1594 1945 1637 in
1970 1610 2069 1638 voce
2093 1594 2400 1644 vvmcaeb).oc=

267 1670 502 1729 noctivagus
526 1670 626 1713 satis
649 1670 829 1714 sentitur.
868 1670 969 1725 (lon.
996 1671 1107 1713 717:
1141 1668 1402 1717 νυκτιπόλοις
1420 1666 1617 1725 Βάκχαις.
1653 1667 1733 1710 ibd.
1764 1669 1901 1712 1049:
1936 1669 2193 1712 νυκτιπόλων
2217 1668 2399 1726 ἐφόδων.

266 1743 357 1801 frgt.
384 1744 493 1787 475:
533 1742 777 1786 νυκτιπόλου
801 1742 1047 1800 Ζαγμέως).
1094 1743 1219 1786 Porro
1253 1741 1476 1801 procedant
1511 1739 1697 1783 nonnulla
1731 1742 1956 1800 composita
1992 1758 2015 1785 a
2049 1742 2172 1785 verbo
2205 1741 2295 1784 δέω
2329 1741 2400 1785 de·

264 1815 401 1859 rivata.
469 1815 536 1859 Or.
568 1817 679 1859 821:
723 1816 984 1871 μελάνδετον
1024 1815 1144 1873 φόνῳ
1191 1814 1312 1872 ξίφος
1343 1806 1548 1873 Rssugkius
1582 1814 1636 1857 ita
1670 1814 1859 1873 explicari
1896 1814 1989 1869 vult9
2024 1824 2065 1858 ut
2099 1831 2239 1859 ensem
2279 1814 2399 1874 signi-

266 1889 356 1932 ficet
391 1889 505 1948 quasi
541 1898 669 1933 atrato
700 1890 879 1949 margine
903 1889 1017 1933 effusi
1053 1888 1260 1948 sanguinis
1295 1886 1598 1931 circumdatum:
1638 1887 1676 1929 id
1710 1888 1819 1945 quod
1853 1888 2015 1947 probari
2050 1897 2183 1948 potest
2217 1904 2305 1931 cum
2348 1888 2398 1931 de

265 1977 363 2005 ense
403 1971 545 2022 agatur
586 1971 678 2022 post
719 1971 989 2022 perpetratam
1031 1962 1196 2006 caedem
1233 1960 1283 2010 ἐς
1313 1959 1453 2017 αὐγὰς
1483 1960 1643 2004 ἀελίοιο
1675 1962 1954 2019 δεδειγμένῳ.
2020 1963 2169 2006 Eadem
2202 1978 2295 2005 vero
2329 1977 2398 2004 ex·

265 2034 428 2094 plicatio
469 2035 529 2079 vix
570 2035 713 2079 sufficit
754 2036 1065 2080 Phoenissarum
1107 2052 1143 2080 ν.
1178 2034 1316 2088 1091;
1354 2034 1408 2077 ibi
1449 2034 1553 2078 enim
1588 2035 1772 2079 Creontis
1806 2034 1908 2078 filius
1942 2035 2119 2092 πύργων
2152 2034 2216 2077 ἐπΡ
2253 2033 2399 2091 ἄκρων

265 2109 370 2159 στὰς
415 2110 676 2166 μελάνδετον
731 2110 853 2168 ξίφος
904 2110 1064 2166 λαιμῶν
1112 2110 1254 2169 διῆκε;
1314 2109 1448 2169 itaque
1499 2109 1576 2152 nisi
1629 2110 1818 2153 statueris
1869 2126 1943 2169 per
1986 2109 2191 2169 prolepsin
2237 2118 2396 2168 poetam

262 2183 525 2238 μελάνδετον
547 2184 815 2245 appellavisse
849 2199 1001 2240 ensem,
1036 2183 1101 2243 qui
1135 2184 1224 2244 ipsa
1259 2183 1419 2227 demum
1452 2185 1578 2228 caede
1613 2192 1740 2228 atrato
1775 2184 1954 2244 margine
1988 2183 2194 2243 sanguinis
2228 2183 2400 2227 circum·

266 2256 393 2314 datur,
422 2256 487 2301 illa
511 2257 680 2318 Pssugkii
711 2256 923 2317 explicatio
959 2256 1088 2301 locum
1123 2273 1202 2301 non
1237 2266 1371 2318 potest
1405 2259 1566 2303 habere.
1638 2261 1774 2312 Quare
1809 2259 2045 2303 crediderim
2080 2259 2225 2318 potius,
2259 2272 2400 2318 parum

266 2331 496 2388 respexisse
536 2341 696 2391 poetam
736 2332 938 2390 propriam
979 2331 1087 2374 verbi
1128 2331 1218 2373 δέω
1253 2333 1583 2391 significationem
1618 2342 1657 2375 et
1685 2333 1944 2388 μελάνδετον
1978 2332 2098 2389 ξίφος
2128 2346 2296 2390 prorsus
2331 2346 2401 2374 ea-

267 2402 358 2445 dem
392 2404 425 2445 vi
461 2405 625 2459 dixisse,
659 2420 737 2463 qua
773 2405 934 2463 scripsit
967 2405 1036 2447 Or.
1068 2405 1203 2446 1472:
1248 2404 1385 2459 μέλαν
1419 2405 1549 2461 ξίφος.
1613 2405 1699 2448 Hel.
1739 2405 1867 2447 1652.
1903 2405 1956 2447 cf.
1993 2403 2062 2447 Or.
2103 2405 2240 2446 1148:
2290 2405 2402 2460 φάσ·

266 2489 395 2529 γανον
423 2475 573 2530 μέλαν.
600 2504 653 2509 -
683 2477 738 2521 De
763 2493 860 2521 voce
885 2475 1148 2532 ταυρόδετος
1178 2476 1289 2535 (lrgt.
1321 2478 1431 2522 475:
1470 2492 1503 2520 τ.
1536 2477 1698 2535 κόλλῃ.)
1733 2476 1935 2535 copiosius
1969 2477 2007 2519 in
2043 2493 2130 2520 eam
2165 2477 2401 2520 sententiam

267 2546 479 2606 disputavit
525 2549 772 2595 Schirlitzius
813 2568 879 2612 pg.
917 2552 989 2608 78,
1033 2558 1073 2593 ut
1112 2549 1259 2593 dictum
1300 2559 1411 2610 putet
1450 2565 1523 2607 pro
1563 2549 1713 2609 glutine
1755 2550 1908 2593 taurino
1954 2558 1991 2593 et
2033 2549 2249 2607 vinciente3
2307 2549 2401 2594 mihi

269 2620 432 2679 quidem
454 2623 493 2666 iu
527 2624 604 2667 hac
638 2624 902 2684 explicatione
936 2623 1134 2684 posterius
1167 2623 1385 2667 membrum
1421 2638 1589 2682 prorsus
1624 2623 1814 2683 languere
1848 2622 2021 2676 videtur3
2069 2631 2131 2666 est
2165 2622 2261 2666 nihil
2295 2623 2402 2667 aliud

268 2693 344 2734 nisi
378 2696 485 2752 quod
519 2699 750 2756 exprimitur
783 2699 1031 2741 substantivo
1064 2696 1328 2752 ταυροκόλλα
1362 2698 1386 2739 i.
1412 2713 1447 2740 e.
1484 2697 1618 2755 gluten
1653 2698 1863 2740 taurinum.
1898 2722 1951 2728 —-
1984 2697 2110 2739 Etiam
2143 2697 2265 2740 Rhes.
2292 2700 2404 2740 712:

260 2766 495 2825 ῥακοδύτῳ
522 2771 653 2829 στολᾷ
691 2771 928 2821 πυκασθείς
970 2768 1253 2831 ρτοείιῐιρίἰοί
1294 2770 1489 2815 adiectivo
1525 2769 1707 2828 ῥακόεις
1743 2770 1915 2830 positum
1950 2770 2167 2830 putandum
2202 2780 2278 2826 est,
2312 2787 2403 2816 cum

267 2839 468 2900 epitheton
514 2844 565 2886 ad
611 2845 737 2905 ipsius
780 2844 897 2889 vestis
938 2845 1141 2889 notionem
1180 2845 1408 2905 appositum
1451 2844 1513 2888 sit.
1564 2871 1615 2878 -
1665 2845 1777 2897 Quae
1819 2853 1971 2889 restant
2014 2852 2083 2888 aut
2122 2844 2173 2889 ab
2217 2845 2405 2890 omnibus

2131 2928 2151 2957 2
