2742 3437
1307 153 1336 195 7

191 306 196 313 ’
236 368 239 371 .
272 311 460 365 caedes!
499 308 646 356 καινὸν
679 308 798 365 αἷμα,
840 310 893 353 uti
927 309 1095 370 praebet
1126 309 1257 354 codex
1288 309 1406 354 Herc.
1439 310 1512 354 fur.
1547 309 1653 354 831.
1695 310 1745 354 cf.
1781 308 1906 369 Soph.
1941 308 2002 353 Αἰ.
2023 308 2134 353 5463
2183 309 2405 366 νεοσφαγῆ

271 388 414 449 φόνον.
449 409 507 419 --
542 383 628 444 Iph.
663 381 752 427 Aul.
790 383 899 426 421:
934 381 1183 441 .θηλύπους
1206 382 1348 442 βάσις,
1388 383 1577 443 quoniam
1617 382 1748 442 βάσις
1786 398 1865 426 non
1899 396 2066 442 gressus
2099 390 2174 436 est,
2207 381 2280 425 sed
2314 395 2405 441 ρας,

272 459 366 505 nibil
398 457 506 503 aliud
524 455 647 501 ,valet
679 455 753 498 nisi
785 456 939 514 θηλεῖα
969 454 1100 513 βάσις
1135 456 1186 499 ct'.
1215 454 1360 499 Scbirl.
1397 456 1421 499 Ι.
1453 456 1478 500 Ι.
1509 472 1578 516 pg.
1601 457 1677 503 53.
1712 458 1802 515 frgt.
1834 456 1945 499 5443
1992 455 2250 504 λεοντόπους
2275 454 2408 513 βάσις

269 544 345 595 pes
372 530 578 576 leoninus,
626 529 757 572 'Bach.
793 529 901 572 169:
942 529 1081 571 κῶλον
1114 527 1210 584 ἄγει
1243 529 1468 586 τυχόπουν.
1514 529 1664 572 Phoen.
1710 529 1848 574 1549:
1903 528 2146 585 τυφλόπους
2173 529 2300 585 ποός;
2349 528 2401 572 cf.

269 606 387 652 etiam
419 603 518 648 Hec.
543 602 621 647 66:
656 600 915 661 βραδύπους
944 601 1091 660 ἤλυσις
1120 599 1315 657 ἄρθρων.
1351 628 1406 636 -
1442 602 1527 663 Iph.
1561 602 1648 647 Aul.
1679 603 1783 647 174:
1822 601 1998 652 ἐλάταις
2011 600 2264 659 χιλιόναυσιν
2295 600 2403 646 mille

269 678 454 735 navibus3
484 675 567 735 Iph.
600 675 645 719 T.
674 676 781 719 140:
819 675 961 732 κλεινᾷ
986 674 1063 718 σὺν
1090 675 1217 733 κώπᾳ
1233 675 1496 733 χιλιοναύτᾳε
1535 692 1773 736 quamquam
1798 676 1884 719 Alc.
1911 677 2021 719 4443
2061 674 2191 733 ἐλάτη
2214 675 2406 725 δίκωπος

269 767 348 795 non
388 749 531 794 eodem
572 748 663 791 loco
704 749 948 791 censendum
988 748 1079 802 erit3
1129 764 1218 791 nam
1261 765 1350 791 cum
1391 749 1521 807 ἐλάτη
1557 765 1694 791 navem
1729 749 1941 808 significet,
1973 757 2037 791 est
2077 748 2189 790 navis
2222 748 2399 802 biremis3

267 824 505 885 adjectivum
536 821 657 881 igitur
689 821 880 870 δίκωπος
908 821 1175 864 attributivum
1208 830 1284 866 est.

360 895 555 956 Imprimis
588 902 721 939 autem
755 895 959 954 frequens,
992 911 1232 954 quamquam
1266 896 1304 938 ni
1338 895 1451 938 fallor
1484 894 1617 954 paullo
1650 895 1779 938 mitior
1812 895 1953 938 eadem
1989 902 2053 937 est
2085 893 2258 949 ubertas7
2292 895 2325 937 si
2360 895 2398 937 in

266 969 471 1016 adiectivis
516 968 646 1012 locum
686 968 807 1012 habet
845 984 934 1012 cum
974 968 1179 1028 particulis
1220 967 1270 1012 εὐ
1312 978 1351 1013 et
1389 969 1469 1018 δυς
1505 969 1750 1028 compositis¹
1817 968 2006 1028 Exempla
2046 967 2257 1027 Euripidea
2297 968 2398 1012 baec

216 1086 225 1101 ,
265 1045 349 1089 fere
389 1049 499 1087 sunt:
543 1041 692 1087 Troad.
730 1042 836 1085 1243
875 1040 1052 1098 εὔορμοι
1083 1042 1261 1099 λιμένες.
1312 1042 1465 1086 Phoen.
1505 1044 1640 1087 12173
1684 1042 1920 1100 εὐάγγελος
1948 1042 2087 1101 φήμη.
2152 1040 2254 1085 Med.
2289 1042 2398 1085 2003

266 1116 476 1161 εὔδειπνοι
530 1115 684 1165 δαῖτες.
768 1115 886 1175 Ηίρρ.
929 1116 1055 1158 2003-
1106 1115 1314 1173 εὐπήχεις
1353 1118 1514 1174 χεῖρες.
1594 1116 1718 1160 Bach.
1768 1116 1911 1160 1157:
1971 1115 2187 1171 εὔθυρσος
2233 1116 2402 1173 νάρθηξ

263 1190 383 1250 Hipp.
413 1189 522 1233 605:
560 1188 680 1237 δεξιὰ
702 1187 926 1238 εὐώλενος.
971 1189 1087 1232 Herc.
1123 1190 1150 1233 f.
1186 1189 1294 1232 689:
1334 1189 1404 1232 τὸν
1426 1190 1593 1238 Λατοῦς
1613 1189 1796 1232 εὔπαιδα
1829 1190 1953 1243 γόνον
1986 1189 2037 1232 cf.
2072 1190 2160 1248 Iph.
2189 1188 2233 1231 T.
2262 1189 2393 1231 1234.

262 1263 348 1323 Iph.
388 1263 434 1306 A.
475 1262 586 1305 790:
621 1260 895 1317 εὐπλοκάμου
933 1261 1081 1317 κόμας.
1146 1261 1232 1305 Alc.
1274 1262 1382 1306 9263
1432 1262 1546 1319 παρ’
1584 1262 1741 1321 εὐτυχῆ
1781 1262 1953 1316 πότμον.
2019 1262 2072 1306 cf.
2107 1260 2257 1305 Troad.
2292 1263 2393 1305 244.

262 1337 345 1396 lpb.
370 1335 458 1379 Aul.
499 1336 637 1391 15233
692 1335 771 1378 ibd.
797 1335 907 1379 550:
965 1332 1029 1378 ἔπ’
1077 1334 1251 1378 εὐαίωνι
1291 1335 1439 1391 πότμῳ
1462 1336 1512 1380 cf.
1564 1334 1691 1394 Soph.
1718 1334 1863 1378 Trach.
1889 1337 1968 1379 81:
2015 1334 2160 1393 βίοτον
2193 1334 2395 1379 εὐαίωνα.

262 1408 383 1453 Bach.
426 1408 535 1452 426:
591 1407 781 1451 εὐαίωνα
820 1407 980 1466 διαζῆν.
1045 1408 1198 1460 Quibus
1237 1407 1337 1451 locis
1378 1407 1560 1450 omnibus
1601 1407 1803 1467 posterius
1843 1407 2145 1466 compositionis
2179 1408 2394 1450 membrum

261 1482 313 1526 ad
356 1481 592 1526 sententiam
634 1480 729 1523 nibil
769 1481 858 1523 novi
895 1480 1023 1535 affert,
1062 1481 1101 1523 id
1142 1481 1250 1541 quod
1289 1480 1410 1523 multo
1451 1481 1568 1523 etiam
1607 1481 1736 1538 magis
1776 1488 1898 1539 patet,
1938 1481 1971 1523 si
2012 1481 2063 1523 ad
2097 1489 2244 1523 tantam
2278 1489 2395 1539 poeta

261 1556 468 1601 audaciam
504 1555 773 1614 progreditur,
806 1563 848 1597 ut
875 1569 964 1596 cum
993 1554 1241 1598 substantivo
1269 1555 1508 1599 adiectivum
1537 1555 1588 1597 ab
1618 1555 1757 1598 eadem
1788 1554 1924 1598 radice
1954 1555 2172 1597 derivatum
2208 1554 2395 1613 copulare

262 1645 339 1672 non
375 1628 541 1671 dubitet.
585 1627 708 1670 Bach.
733 1626 813 1670 66:
851 1626 1097 1683 εὐκάματος
1125 1628 1320 1683 κάματος
1339 1628 1452 1672 labor
1485 1645 1563 1672 non
1600 1629 1843 1675 laboriosus.
1910 1629 1997 1688 Iph.
2034 1628 2080 1672 T.
2115 1629 2225 1673 897:
2263 1628 2395 1684 πόρον

262 1700 463 1758 εὔπορον.
531 1700 589 1745 Cf.
635 1700 754 1744 etiam
798 1700 878 1743 lon.
925 1701 1035 1745 884:
1078 1700 1182 1759 ἀχεῖ
1216 1700 1376 1758 ὕμνους
1412 1701 1665 1760 εὐαχήτους.
1702 1728 1757 1734 -
1794 1702 1918 1746 Multo
1953 1702 2070 1746 etiam
2106 1701 2222 1746 latius
2256 1702 2394 1746 eadem

261 1782 370 1835 patet
402 1783 550 1834 poetae
583 1774 751 1816 audacia
783 1773 821 1815 in
855 1774 1061 1817 adiectivis
1094 1790 1117 1817 a
1151 1774 1303 1833 syllaba
1336 1776 1415 1824 δυς
1444 1776 1742 1835 incipientibus·
1791 1776 1878 1819 Hel.
1904 1777 2013 1819 2133
2064 1775 2170 1818 αἰὼν
2202 1775 2394 1827 δυαςίων.

262 1848 369 1907 quod
405 1847 582 1891 similiter
616 1846 814 1907 expressit
845 1845 987 1906 Suppl.
1028 1847 1139 1890 960:
1191 1847 1378 1891 δυσαίων
1414 1848 1521 1908 βίος.
1572 1849 1722 1892 Phoen.
1763 1849 1899 1892 1047:
1948 1849 2116 1905 γάμους
2144 1850 2393 1905 δυσγάμους.

259 1920 348 1978 lph.
379 1921 425 1965 T.
458 1921 567 1964 203:
612 1919 777 1975 δαιμων
797 1918 1050 1974 δυςδαιμων.
1073 1920 1154 1963 ibd.
1186 1921 1290 1963 143:
1328 1922 1639 1979 δυςιῖρήνήτοις
1659 1922 1849 1978 θρήνοις.
1888 1920 2036 1965 Troad.
2061 1922 2139 1965 75:
2171 1921 2393 1969 δύςνοστον

261 1993 420 2049 νόστον,
448 1994 515 2038 ubi
544 2001 675 2037 tamen
707 1991 975 2036 Kirchhoffius
998 1993 1160 2052 scripsit
1181 1993 1399 2053 δύστηνον.
1442 1995 1522 2055 lph.
1547 1994 1592 2039 T.
1620 1994 1729 2038 216:
1767 1994 1931 2052 νύμφαν
1952 1993 2202 2052 δύςνυμφον.
2246 1993 2391 2038 Troad.

261 2068 371 2111 471:
424 2069 613 2125 δυστυχῆ
656 2066 798 2124 τύχην.
863 2065 959 2110 Hec.
1006 2066 1113 2110 194:
1171 2068 1421 2125 δυςφήμους
1450 2069 1611 2126 φήμας.
1677 2069 1735 2112 Cf.
1772 2068 1949 2112 Lobeck.
1986 2067 2115 2111 Paral.
2153 2068 2165 2110 l
2199 2084 2265 2126 pg.
2302 2066 2391 2109 229

262 2155 378 2199 seqq.
398 2140 461 2185 Fr.
482 2141 530 2183 G.
556 2139 752 2184 Schmidt.
780 2139 831 2181 de
854 2139 981 2182 ubert.
1008 2155 1067 2183 or.
1093 2138 1220 2199 Soph.
1245 2140 1287 2183 ll.
1313 2156 1379 2200 pg.
1412 2141 1481 2184 10.
1507 2140 1661 2200 Pssugk.
1686 2142 1738 2184 ad
1762 2141 1850 2184 Eur.
1878 2141 1963 2200 Iph.
1988 2140 2034 2183 T.
2063 2140 2162 2183 193.
2198 2139 2388 2197 Koechly.

262 2213 313 2255 ad
357 2213 440 2272 lph.
473 2213 518 2256 T.
559 2212 661 2255 143.
709 2236 763 2242 -
808 2211 998 2254 Videmus
1037 2212 1155 2271 igitur
1200 2229 1399 2273 persaepe
1443 2214 1637 2257 eiusmodi
1677 2214 1873 2258 adiectiva
1917 2214 2172 2257 snbstantivis
2203 2213 2390 2271 apposita

257 2300 355 2329 esse
399 2286 450 2329 de
496 2286 636 2328 eadem
677 2285 802 2343 stirpe
842 2285 989 2332 ductis;
1046 2293 1218 2329 attamen
1261 2301 1350 2329 cum
1389 2296 1548 2344 praeter
1592 2287 1693 2330 haec
1737 2303 1826 2330 cum
1865 2287 2016 2345 syllaba
2053 2287 2132 2334 δυς
2166 2285 2391 2344 composita

261 2357 406 2418 illaque
455 2360 651 2415 κάματος
698 2356 954 2413 εὐκάματος,
1005 2358 1140 2413 πόρον
1190 2357 1377 2414 εὔπορον
1427 2360 1508 2403 duo
1559 2361 1721 2402 omnino
1773 2360 1880 2420 apud
1928 2358 2150 2419 Euripidem
2206 2357 2390 2418 exempla

261 2430 444 2488 legantur
488 2457 543 2465 -
607 2432 758 2474 Phoen.
814 2430 952 2474 1549:
1018 2431 1260 2488 τυφλόπους
1299 2432 1420 2486 πούς,
1465 2433 1572 2491 quod
1618 2433 1812 2476 immerito
1856 2433 1907 2475 ob
1951 2433 2025 2474 boc
2068 2433 2197 2490 ipsum
2243 2432 2392 2474 acriter

259 2505 463 2565 impugnat
506 2505 686 2561 Geelius3
726 2502 868 2564 Suppl.
914 2503 1046 2548 11793
1100 2503 1275 2561 τρίπους
1310 2505 1562 2563 χαλκόπους
1594 2532 1648 2538 ——
1687 2521 1764 2549 non
1805 2506 1902 2549 satis
1942 2513 2057 2548 caute
2097 2503 2252 2546 videtur
2290 2503 2392 2548 Her-

259 2593 427 2622 mannus
466 2580 615 2639 egisse,
685 2579 752 2638 qui
795 2593 883 2621 cum
923 2578 961 2621 in
1009 2578 1318 2621 Phoenissarum
1357 2595 1393 2623 v.
1436 2581 1534 2623 184.
1571 2580 1801 2623 defenderet
1836 2578 2041 2621 lectionem
2069 2577 2392 2634 μεγαλανορίαν

258 2651 526 2707 ὑπεράνορα,
550 2652 757 2696 contendit
779 2651 899 2694 multa
922 2652 1038 2694 huius
1061 2652 1221 2710 generis
1244 2653 1424 2712 exempla
1449 2654 1555 2712 apud
1590 2667 1728 2695 omnes
1762 2652 1934 2709 tragicos
1968 2651 2150 2693 inveniri.
2218 2650 2391 2695 Fabulae

258 2724 363 2767 enim
406 2724 656 2784 Aeschyleae
696 2733 867 2784 quatuor
905 2724 1177 2768 tantummodo
1217 2725 1411 2784 praebent
1451 2725 1631 2784 exempla
1676 2725 1827 2778 (Prom.
1860 2723 1964 2767 576.
2001 2723 2108 2767 585.
2160 2722 2258 2768 Cho.
2284 2724 2388 2769 315.

257 2797 369 2841 Eum.
396 2798 523 2852 690),
557 2798 785 2859 Sophocles
819 2807 949 2841 autem
985 2814 1152 2857 prorsus
1185 2797 1329 2841 talibus
1363 2799 1565 2841 abstinuit.

352 2869 517 2914 Restant
556 2872 728 2933 denique
770 2870 955 2914 nonnulla
989 2870 1184 2913 obiectiva
1218 2870 1302 2913 sive
1335 2870 1524 2913 rectionis
1558 2868 1795 2927 composita.
1834 2883 1938 2927 quae
1972 2878 2064 2912 sunt
2096 2869 2238 2913 eadem
2274 2870 2394 2912 uber-
