2742 3437
1328 180 1386 225 12

287 333 430 382 136³:
488 337 733 397 μονομάχῳ
772 339 882 397 δορί.
956 340 1122 385 Accedit
1166 338 1341 400 denique
1386 337 1499 384 locus
1511 338 1594 384 rob
1621 340 1945 406 *audacissimam
1983 343 2284 390 translationem
2312 342 2451 387 satis.
2514 353 2518 359 “
2553 308 2560 328 ³

287 417 407 452 notus
436 408 589 456 Phoen.
616 412 728 457 328:
771 413 946 473 ἀπήνας
973 412 1234 470 ὁμοπτέρου,
1270 413 1335 457 ubi
1369 412 1668 474 significaturus
1701 421 1766 458 est
1798 422 1919 475 poeta
1953 431 2027 477 par
2058 416 2222 462 fratrum
2255 424 2295 462 et
2322 414 2431 461 facie

287 492 329 525 et
371 484 488 527 annis
531 487 813 532 consimilium.
859 512 915 521 —
950 487 1149 530 Nonnulla
1193 495 1341 542 tamen,
1384 501 1490 546 quae
1537 487 1615 530 hoc
1660 486 1782 529 modo
1826 488 2004 548 expediri
2050 503 2175 549 posse
2217 485 2429 534 Schiffitzii

287 563 351 600 est
384 557 588 603 sententia
622 558 667 615 (Ι.
694 559 717 604 Ι.
744 576 814 620 pg.
838 559 934 614 96.)
968 560 1030 604 vix
1064 560 1191 604 ausim
1226 560 1279 604 ita
1308 558 1526 619 explicare.
1575 560 1693 619 Hipp.
1719 560 1797 603 68:
1838 559 2101 618 εὐπατέρεια
2135 563 2260 621 αὐλή,
2291 577 2430 623 quam·

288 643 409 688 quam
451 638 587 691 potest
626 647 720 677 esse
758 632 847 677 aula
889 632 927 677 in
967 649 1045 693 qua
1087 641 1294 678 versantur
1332 632 1376 676 οἵ
1410 631 1658 688 εὐπάτορες
1688 659 1743 666 -
1780 649 1899 691 quam
1934 635 2094 692 quidem
2128 627 2431 694 explicationem

288 701 534 746 Lobeckium
569 713 732 748 secutus
765 706 977 765 proposuit
1011 706 1068 748 vir
1101 705 1246 748 doctus
1272 730 1326 737 —-
1354 704 1468 748 aliter
1501 713 1633 749 tamen
1668 703 1946 765 explicandum
1982 706 2135 752 videtur
2167 723 2275 754 esse.
2329 709 2430 753 Nam

290 791 383 818 cum
417 775 484 820 illo
517 777 606 820 loco
630 777 770 832 Diana,
803 788 844 821 ut
868 779 972 821 lovis
1007 779 1099 834 filia,
1133 779 1318 821 laudibus
1347 779 1548 833 efferatur,
1571 778 1622 821 ad
1658 778 1785 821 solum
1809 778 1939 822 lovem
1973 768 2210 826 adiectivum
2244 790 2432 842 spectare

292 848 457 907 videtur,
487 865 565 894 non
600 851 651 895 ad
685 867 827 896 omnes
860 852 1008 910 pariter
1041 852 1184 895 domus
1207 851 1418 912 Olympiae
1451 852 1623 896 incolas·
1669 853 1783 905 Quae
1803 853 1977 913 quidem
2011 870 2104 898 vera
2139 856 2190 899 sit
2222 840 2433 916 explicatio

294 923 391 966 infra
432 924 655 984 apparebit.
699 951 753 958 -·
801 926 1059 970 Difficillimus
1094 935 1156 969 est
1196 925 1309 969 locus
1352 925 1438 985 lpb.
1470 926 1515 968 T.
1551 927 1661 969 411:
1712 926 1990 983 φιλόπλουτον
2025 927 2199 982 ἅμιλλαν
2233 928 2437 978 αὔξοντες

280 995 583 1053 μελάθροισιν,
628 998 694 1058 qui
740 999 997 1044 vehementer
1041 999 1252 1059 exagitavit
1294 999 1552 1059 interpretum
1598 998 1829 1044 sollertiam.
1908 998 2144 1044 Matthiaeus
2197 1003 2434 1046 sententiam

293 1070 455 1128 quidem
496 1071 575 1115 loci
608 1080 718 1116 recte
752 1072 963 1133 explicavit
997 1074 1130 1118 verbis
1165 1072 1264 1129 περὶ
1296 1072 1481 1116 πλούτου
1514 1071 1810 1128 ἁμιλλώμενοι.
1876 1072 1993 1116 Putat
2025 1072 2122 1117 illud
2155 1074 2330 1130 ἅμιλλαν
2363 1073 2436 1118 αὔ-

291 1144 440 1192 ξοντες
460 1145 608 1187 dictum
632 1161 725 1188 esse
758 1162 833 1205 pro
867 1147 1148 1202 ἁμιλλώμενοι
1181 1146 1242 1190 vel
1276 1145 1451 1197 ἅμιλλαν
1483 1142 1674 1203 ἔχοντες
1714 1160 1841 1205 saepe
1873 1146 1978 1189 enim
2013 1146 2175 1190 verbum
2210 1146 2352 1198 αὔξειν
2385 1147 2436 1192 de

291 1216 340 1259 iis
397 1218 596 1277 usurpari,
644 1235 749 1278 quae
798 1235 941 1276 magna
991 1221 1085 1273 sint3
1152 1220 1260 1279 quod
1316 1228 1446 1262 autem
1502 1220 1539 1261 in
1591 1220 1932 1279 comparationem
1984 1221 2140 1263 vocavit
2189 1220 2292 1266 Med.
2327 1222 2438 1266 557:

293 1289 474 1345 ἅμιλλαν
512 1291 769 1335 πολύτεκνον
808 1309 883 1352 pro
922 1294 965 1336 ἁ.
999 1294 1166 1336 πολλῶν
1199 1292 1373 1346 τέκνων,
1409 1293 1448 1335 id
1482 1293 1648 1351 egregie
1683 1292 1807 1336 falsus
1842 1302 1905 1336 est
1939 1293 1997 1335 vir
2030 1293 2191 1343 doetus:
2239 1295 2300 1337 vix
2333 1294 2436 1337 enim

292 1363 576 1421 φιλόπλουτος
612 1365 764 1421 ἅμιλλα
803 1375 867 1410 est
909 1367 1041 1426 φίλων
1082 1366 1275 1410 πλούτων
1314 1367 1357 1409 ἁ.
1421 1365 1652 1424 Koechlyus
1695 1367 1732 1409 in
1774 1366 1951 1410 editione
1994 1381 2064 1410 sua
2105 1365 2328 1411 Seidlerum
2372 1383 2439 1411 se-

294 1446 412 1480 cutus
446 1438 659 1498 enallagen
694 1440 838 1483 auxilio
880 1441 1175 1490 vocavitscum
1215 1440 1363 1483 dictum
1412 1448 1520 1497 putet
1569 1455 1644 1498 pro
1686 1440 1867 1482 πλοῦτον
1900 1440 2141 1496 μελάθροις
2175 1438 2251 1483 σὺν
2290 1439 2439 1496 ἁμιἏλᾳ

294 1509 516 1568 αὔξοντεςς
555 1528 660 1571 quae
683 1528 779 1557 vero
801 1515 853 1558 ad
883 1514 1118 1559 sententiam
1142 1513 1388 1572 probandam
1423 1512 1603 1555 adhibuit
1635 1511 1816 1571 exempla
1851 1511 1969 1569 plane
2003 1512 2105 1556 alius
2138 1521 2230 1555 sunt
2261 1512 2436 1571 generis.

295 1583 447 1626 Versus
489 1585 593 1627 enim
636 1585 719 1642 lpb.
751 1586 797 1629 T.
831 1587 921 1630 226
965 1588 1001 1629 in
1045 1586 1155 1629 libris
1200 1600 1317 1627 manu
1358 1585 1514 1643 scriptis
1555 1584 1672 1628 aliter
1716 1584 1859 1645 legitur
1898 1594 1936 1628 et
1976 1585 2027 1629 ab
2069 1585 2173 1630 omni
2212 1584 2440 1644 suspicione

295 1657 396 1701 satis
431 1657 654 1702 vindicatus
689 1668 752 1704 est
785 1659 929 1704 Klotzii
954 1670 1047 1704 nota
1072 1676 1141 1719 pg.
1168 1661 1248 1707 50:
1283 1659 1351 1703 Or.
1378 1659 1469 1702 990
1502 1666 1633 1701 autem
1669 1658 1877 1714 Μυρτίλου
1910 1660 2047 1716 φόνον»
2072 1660 2201 1701 δικὼν
2234 1658 2284 1708 ἐς
2313 1657 2440 1713 οἶδμα

296 1746 375 1773 non
424 1738 487 1774 est
528 1729 737 1789 Μύρτιλον
779 1732 856 1778 σὺν
898 1733 1019 1793 φόνῳ
1053 1734 1182 1778 δικὼν
1222 1731 1273 1784 ἐς
1310 1729 1453 1788 οῖὸμα,
1494 1730 1567 1776 sed
1610 1730 1745 1790 φόνος
1782 1748 1856 1792 per
1898 1731 2118 1790 simplicem
2161 1732 2441 1792 metonymiam

296 1805 447 1848 dictum
481 1813 545 1848 est
577 1821 653 1864 pro
687 1807 884 1851 cadavere
918 1807 1127 1851 interfecti.
1196 1806 1365 1850 Accedit
1397 1805 1506 1865 quod
1540 1805 1652 1862 prius
1685 1804 1867 1849 adiectivi
1903 1806 2114 1864 compositi
2149 1805 2368 1850 membrum
2401 1805 2440 1848 in

297 1877 566 1935 explicatione
605 1878 673 1923 illa
712 1879 831 1937 plane
866 1881 1083 1925 evanescit.
1150 1881 1269 1933 Quod
1305 1894 1400 1922 vero
1433 1878 1485 1921 ad
1520 1878 1794 1921 infirmandam
1829 1877 2018 1923 Schoenii
2053 1879 2288 1924 sententiam
2321 1894 2443 1938 argu-

298 1959 476 1996 mentum
521 1953 782 2011 exprompsit,
820 1954 860 1997 id
900 1970 979 2014 ego
1020 1953 1127 1998 nullo
1165 1954 1287 1997 modo
1330 1967 1495 2010 possum
1536 1951 1723 2008 probare.
1800 1953 2012 1996 Contendit
2053 1954 2157 1997 enim
2197 1952 2442 2011 Koechlyus,

300 2033 385 2068 toto
426 2024 517 2068 loco
557 2042 634 2069 non
675 2035 754 2070 tam
788 2027 853 2087 agi
890 2028 940 2071 de
974 2036 1185 2071 crescente
1219 2026 1441 2069 divitiarum
1476 2024 1708 2082 cupiditate,
1743 2040 1862 2085 quam
1897 2026 1948 2070 de
1982 2026 2179 2085 augendis
2213 2025 2312 2084 ipsis
2344 2024 2445 2068 divi·

299 2098 377 2143 tiis.
425 2099 571 2142 Parum
605 2110 729 2144 recte.
781 2102 882 2144 Nam
917 2101 1026 2160 quod
1060 2110 1178 2159 poeta
1213 2117 1248 2143 v.
1275 2101 1359 2143 411
1401 2097 1497 2140 dicit
1528 2097 1807 2153 φιλόπλουτον
1846 2099 2035 2155 ἅμιλλαν,
2070 2099 2174 2143 idem
2210 2099 2317 2143 brevi
2350 2105 2445 2156 post

298 2171 381 2215 alio
429 2172 550 2216 modo
591 2174 791 2230 expressit
830 2174 964 2218 verbis
1003 2173 1102 2231 φίλα
1136 2173 1220 2229 γὰρ
1262 2172 1381 2221 ἐλπὶς
1412 2204 1421 2214 .
1457 2203 1468 2214 .
1503 2203 1512 2212 .
1549 2202 1559 2211 .
1594 2168 1823 2228 ἄπληστος.
1895 2172 1970 2224 Qui
2010 2172 2182 2215 studium
2223 2172 2442 2214 divitiarum

298 2245 482 2289 certatim
506 2260 597 2289 cum
621 2245 708 2290 aliis
731 2246 1051 2306 quaerendarum
1087 2255 1238 2307 augent
1269 2245 1307 2289 in
1342 2244 1483 2289 animis
1518 2242 1716 2303 nimisque
1749 2243 1872 2299 alunt,
1906 2245 2064 2290 tandem
2098 2261 2148 2290 eo
2182 2244 2446 2298 adducuntur,

300 2328 344 2362 ut
389 2319 587 2379 neglectis
627 2320 812 2364 omnibus
855 2320 1049 2379 periculis
1091 2329 1130 2366 et
1169 2321 1325 2365 abiecta
1365 2318 1470 2363 omni
1509 2315 1708 2361 anxietate
1738 2314 1921 2380 {maribus
1955 2319 2103 2379 ignotis
2136 2328 2176 2363 et
2207 2316 2447 2376 procellosis

299 2409 348 2437 se
382 2393 480 2437 dare
513 2393 633 2438 velint
673 2403 714 2438 et
751 2395 923 2454 denique
955 2395 1075 2440 talem
1106 2396 1304 2440 fortunam
1339 2393 1568 2450 exhibeant'
1604 2391 1763 2451 qualem
1796 2393 1975 2453 naufragi
2010 2392 2080 2449 illi3
2129 2394 2216 2450 ipsa
2250 2391 2354 2436 enim
2388 2391 2449 2434 in-

301 2467 498 2510 satiabilis
545 2468 611 2510 illa
662 2484 760 2527 spes
800 2468 897 2512 lucri
938 2469 1165 2513 hominibus
1204 2467 1396 2527 perniciei
1438 2475 1513 2512 est.
1598 2465 1881 2512 Φιλόπλουτον
1919 2466 2037 2526 igitur
2081 2465 2257 2523 ἅμιλλαν
2301 2463 2447 2508 dictum

302 2551 401 2598 puto
423 2557 498 2598 pro
532 2542 710 2596 ἅμιλλαν
743 2544 817 2583 τοῦ
850 2543 1152 2599 φιλοπλουτεῖν,
1186 2550 1388 2585 certamen
1423 2542 1646 2586 divitiarum
1680 2540 2004 2599 expetendarum.

401 2616 443 2660 2.
495 2616 612 2668 Quod
643 2616 804 2674 quidem
833 2617 883 2659 ad
917 2616 1084 2660 alterum
1119 2632 1248 2675 genus
1282 2631 1357 2658 nos
1390 2615 1575 2658 traducit.
1621 2615 1720 2657 Nam
1754 2614 1821 2672 qui
1855 2614 2138 2656 exterminatur
2170 2610 2343 2655 adhibito
2377 2610 2451 2653 ad-

303 2687 448 2733 iectivo
495 2688 719 2746 composito
766 2688 981 2747 genitivus,
1025 2698 1161 2747 potest
1204 2705 1298 2732 esse
1342 2687 1540 2747 genitivus
1582 2687 1774 2732 infinitivi.
1849 2687 1980 2746 Atque
2024 2702 2114 2730 cum
2159 2699 2450 2741 saepenumero

304 2762 440 2821 lingua
469 2777 547 2806 non
572 2777 622 2806 eo
657 2762 888 2820 perrexerit,
922 2771 964 2806 ut
997 2777 1045 2806 ex
1077 2762 1275 2806 adiectivo
1310 2760 1535 2819 composito
1568 2760 1732 2805 verbum
1767 2760 1937 2820 lingeret
1969 2760 2112 2804 eadem
2145 2755 2451 2814 compositionis

302 2836 484 2879 membra
523 2835 716 2889 reserens,
750 2835 946 2879 interdum
980 2835 1174 2895 cogimur,
1208 2835 1260 2879 ita
1295 2850 1378 2879 rem
1414 2833 1618 2893 expedire,
1652 2842 1694 2878 ut
1726 2833 1921 2894 integrum
1955 2831 2219 2891 compositum
2255 2844 2451 2887 ponamus

291 2925 405 2954 ,casu
446 2909 686 2967 praedicati,
730 2908 918 2966 suppleto
963 2909 1152 2952 infinitivo
1199 2911 1272 2952 τοῦ
1320 2906 1425 2951 εἶναι
1465 2907 1526 2951 vel
1568 2909 1642 2950 τοῦ
1681 2906 1898 2964 γενέσθαι.
1933 2904 2114 2950 ‘Procul
2157 2903 2279 2947 dubio
2318 2911 2451 2947 autem
