2742 3437
1324 195 1380 240 13
1498 167 1539 169 ’ξ

280 357 491 415 Euripides
511 354 552 399 in
576 354 774 415 fingendis
797 354 944 398 talibus
966 355 1201 413 couipositis
1223 353 1412 413 Aeschyli
1437 354 1605 414 vestigia
1630 354 1792 413 pressit,
1814 354 1929 397 cuius
1951 356 1989 398 in
2013 354 2155 398 fabulis
2185 352 2433 398 creberrima

281 427 493 479 menn-unt
506 426 626 473 huius
642 442 742 472 usus
759 426 961 486 exempla3
983 428 1034 473 cf.
1053 426 1172 473 Todt.
1193 426 1250 473 Ι.1
1282 442 1351 487 pg.
1371 427 1446 473 56.
1476 426 1650 471 Lobeck.
1675 428 1727 471 ad
1752 428 1864 472 Aiac.
1885 441 1953 487 pg.
1978 428 2083 472 230.
2105 453 2158 460 —-
2180 427 2266 471 nei.
2292 424 2433 472 1474:

285 495 506 565 βοῦθυτος
522 498 670 558 ἁμέρα
691 508 756 545 est
776 499 923 558 ἁμέρα
945 502 1021 545 τοῦ
1050 499 1293 561 βουθυτεῖν,
1327 500 1417 544 dies
1450 499 1671 545 sacrificus.
1721 501 1817 556 (Ov.
1844 501 1940 545 Met.
1970 500 2040 552 13,
2062 500 2190 555 590.)
2239 498 2433 545 Similiter

283 573 507 633 Aeschylus
538 573 701 631 scripsit
732 574 913 634 Choeph.
941 574 1051 617 261:
1096 573 1332 634 βουθύτοις
1361 572 1410 616 ἐν
1442 573 1589 632 ἥμαστ,
1624 574 1689 617 ubi
1729 573 1914 631 exempla
1951 572 2114 633 collegit
2145 572 2427 617 Biomfieldius.

285 648 342 690 Cf.
362 645 476 703 Soph
511 646 656 689 Trach.
678 648 787 691 609:
820 646 967 704 ἡμέρᾳ
983 646 1371 703 ταυροσφάγῳ(ιι1)ὶ
1391 646 1664 689 diversissima
1682 647 1824 689 miscet
1840 645 2209 699 Schneidewinus),
2228 645 2428 704 βουδόρα

284 720 444 779 ἤματα.
477 718 572 765 Hes.
593 719 698 779 Opp,
724 720 813 765 502
837 729 878 765 et
900 736 1005 780 quae
1028 735 1076 764 ex
1098 719 1390 777 posterioribus
1412 718 1543 777 poetis
1566 727 1606 763 et
1627 720 1890 777 scriptoribus
1913 718 2094 776 exempla
2117 719 2326 777 congessit
2349 718 2428 761 Lo-

285 792 404 839 beck.
431 793 485 838 ad
508 793 616 838 Aiac.
644 809 712 855 pg.
739 794 829 839 229
852 809 971 855 seqq.
995 819 1043 827 -
1067 793 1150 852 lph.
1174 792 1265 839 Aul.
1295 792 1431 838 1506:
1463 792 1776 852 λαμπαδοῦχος
1798 793 1947 853 ἡμέρα
1972 802 2032 838 est
2054 792 2200 852 ἡμέρα
2223 795 2297 837 τοῦ
2321 790 2428 836 εἶναι

282 867 609 926 λαμπαδοῦχον;
647 868 697 913 cf.
730 861 926 928 Lycophr.
956 867 1064 911 734:
1102 867 1412 926 λαμπαδοῦχος
1436 865 1610 924 δρόμος.
1653 867 1786 911 Schol.
1811 867 1863 911 ad
1900 867 2022 911 Arist.
2048 867 2149 912 Ran.
2180 866 2287 911 131:
2324 866 2426 922 λαμ·

284 941 509 999 παδοῦχος
545 940 676 998 ἀγών.
718 965 773 975 -—-
810 942 892 999 lph.
919 941 964 984 T.
990 942 1070 985 53:
1118 941 1245 1000 τέχνη
1279 941 1537 990 Ξενοκτόνος.
1602 942 1680 984 ibd.
1709 943 1822 985 776:
1871 941 2134 1000 ξενοφόνους
2164 940 2286 997 τιμὰς
2315 937 2425 998 ἔχω;

287 1014 338 1058 cf.
363 1014 477 1057 Pind.
505 1014 617 1071 Pyth.
644 1014 739 1057 Vlll.
765 1015 812 1059 5:
861 1013 1112 1058 Πυθιόνικον
1144 1015 1279 1070 τιμάν.
1314 1039 1370 1047 ·-
1408 1015 1560 1060 Phoen.
1591 1016 1725 1059 1300:
1775 1015 1971 1069 τάλανες,
2006 1014 2069 1058 ὅτι
2103 1014 2208 1057 ποτὲ
2235 1013 2423 1070 μονομά-

280 1102 363 1144 χον
404 1086 475 1129 ἐπὶ
516 1087 635 1144 φρέν’
677 1088 865 1146 ἠλθέτην
897 1097 1036 1145 aperte
1070 1088 1172 1131 valet
1206 1087 1277 1130 ἐπὶ
1309 1088 1450 1145 φρένα
1483 1091 1558 1131 τοῦ
1590 1089 1793 1145 γενέσθαι
1821 1090 2066 1146 μονομάχοι
2099 1088 2160 1131 vel
2194 1090 2268 1131 τοῦ
2296 1102 2423 1141 μονο-

281 1161 449 1218 μαχεῖν.
514 1159 661 1204 Aesch.
704 1160 816 1204 Eum.
858 1160 969 1205 496:
1018 1160 1296 1216 παιδότρωτα
1331 1161 1480 1204 πάθεα
1514 1187 1563 1204 =
1597 1161 1741 1212 πάθος
1771 1163 1846 1204 τοῦ
1880 1160 2086 1218 γενέσθαι
2118 1161 2422 1216 παιδότρωτον.

286 1233 384 1277 Hec.
410 1233 520 1277 362:
564 1233 732 1293 ἀνάγκη
765 1234 982 1284 σιτοποιός
1011 1243 1073 1278 est
1106 1233 1272 1292 ἀνάγκη
1306 1235 1381 1277 τοῦ
1415 1231 1520 1277 εἶναι
1551 1235 1761 1278 σιτοποιόν
1795 1234 1854 1278 vel
1889 1237 1965 1278 τοῦ
1997 1236 2236 1278 σιτοποιεῖν.

382 1306 425 1352 3.
475 1306 641 1350 Restant
686 1307 888 1362 nonnulla,
928 1323 1032 1367 quae
1073 1303 1315 1367 quamquam
1359 1306 1553 1351 simillima
1596 1317 1700 1362 sunt,
1745 1317 1876 1352 tamen
1922 1324 2001 1351 non
2049 1308 2257 1351 admittunt
2301 1305 2421 1364 plane

288 1379 457 1424 eandem
492 1379 809 1438 explicationem.
877 1381 958 1424 lon.
985 1381 1096 1424 664:
1134 1380 1272 1440 ἡδονὴ
1302 1379 1523 1440 βούθυτος
1552 1397 1650 1426 sane
1684 1390 1817 1439 potest
1850 1398 1945 1426 esse
1979 1381 2163 1438 voluptas
2199 1381 2316 1423 boum
2351 1380 2424 1422 im-

287 1453 577 1503 molandorum,
600 1453 783 1511 voluptas
808 1453 1109 1508 immoiationis:
1146 1469 1283 1498 verum
1316 1454 1351 1497 si
1385 1455 1475 1515 quis
1509 1464 1618 1499 recte
1650 1454 1875 1514 perpendet
1907 1455 2029 1498 totius
2065 1454 2140 1497 loci
2174 1453 2421 1508 sententiam,

286 1527 390 1570 facili
435 1526 597 1585 negotio
636 1527 937 1581 animadvertet,
977 1527 1093 1570 aliam
1133 1527 1266 1570 verbis
1306 1528 1384 1570 vim
1423 1543 1517 1571 esse
1561 1529 1792 1572 subiectam.
1865 1528 2027 1571 Iubetur
2068 1528 2172 1570 enim
2216 1527 2294 1569 lon.
2337 1529 2421 1567 τῶν

286 1598 419 1658 φιλων
457 1598 652 1658 πλήρωμ’
695 1598 910 1657 ἀθροίσας
946 1598 1154 1660 βουθύτῳ
1176 1598 1254 1645 σὺν
1286 1600 1424 1661 ἡδονῇ
1457 1617 1598 1646 novam
1630 1617 1748 1661 quam
1783 1610 1972 1660 expertus
2006 1609 2069 1645 est
2101 1600 2293 1644 fortunam
2328 1614 2422 1657 pro-

288 1673 554 1732 sectionisque
578 1673 789 1716 consilium
823 1674 999 1717 convivis
1032 1689 1247 1732 exponere.
1294 1674 1550 1736 Significatur
1582 1674 1699 1735 igitur
1732 1675 1954 1717 convivium
1989 1673 2161 1717 laetitiae
2195 1672 2422 1716 hilaritatis-

288 1763 367 1806 que
389 1746 549 1804 pienum
581 1747 873 1807 multarumque
897 1763 1042 1803 rerum,
1074 1749 1313 1805 praesertim
1346 1749 1466 1792 boum
1499 1749 1785 1791 immolatorum
1819 1758 2017 1805 apparatu
2041 1748 2146 1791 laute
2174 1748 2416 1790 instructum.

289 1818 375 1863 Non
399 1827 461 1863 est
483 1819 602 1879 igitur
620 1819 841 1880 βούθυτος
860 1822 997 1880 ἡδονή
1015 1847 1065 1864 =
1082 1820 1220 1880 ἡδονὴ
1242 1824 1318 1865 τοῦ
1336 1820 1565 1880 βουθυτεῖν
1587 1822 1659 1865 sed
1682 1821 1814 1879 potius
1838 1821 1977 1880 ἡδονὴ
2000 1820 2209 1879 γενομένη
2233 1822 2296 1877 τῷ
2314 1819 2422 1879 βου-

285 1893 440 1947 θυτεῖν,
464 1893 646 1952 voluptas
670 1910 720 1938 ex
743 1895 872 1939 bubus
897 1895 1111 1939 immolatis
1134 1904 1340 1954 percepta.
1377 1895 1555 1939 Tertium
1572 1895 1690 1954 igitur
1712 1910 1841 1954 genus
1866 1903 1945 1937 tum
1969 1894 2023 1952 fit7
2047 1910 2136 1938 cum
2159 1893 2421 1950 compositum

288 1968 342 2011 ita
364 1967 553 2025 explicari
577 1969 710 2024 debet,
733 1976 775 2012 ut
797 1979 968 2027 ponatur
990 1970 1238 2028 participium
1256 1968 1489 2026 γενόμενος
1502 1983 1590 2011 cum
1608 1968 1740 2011 dativo
1758 1968 1952 2011 infinitivi.
1987 1969 2116 2027 Atque
2134 1983 2222 2010 cum
2242 1965 2330 2009 talia
2348 1966 2422 2008 ad-

285 2040 430 2085 iectiva
454 2041 626 2086 divinam
645 2043 844 2102 quandam
861 2044 1015 2101 spirent
1031 2044 1114 2087 oris
1131 2043 1271 2103 tragici
1288 2042 1496 2086 audaciam
1514 2041 1769 2101 coloremque
1788 2042 2005 2100 impingant
2022 2041 2195 2084 sermoni
2215 2056 2306 2083 vere
2325 2056 2422 2098 poe-

289 2114 423 2169 ticum,
441 2130 520 2159 non
538 2114 680 2159 mirum
697 2123 773 2171 est,
790 2116 898 2176 quod
916 2132 1008 2161 raro
1026 2116 1147 2161 verba
1170 2116 1363 2162 habemus
1386 2131 1434 2160 ex
1457 2115 1596 2159 iisdem
1621 2114 1808 2159 membris
1831 2114 2071 2171 composita;
2099 2114 2135 2156 in
2160 2113 2293 2157 verbis
2316 2114 2421 2158 enim

289 2202 385 2229 ossa
408 2196 448 2230 et
481 2188 604 2231 robur
637 2190 835 2232 sermonis
869 2190 1056 2244 cernitur,
1092 2205 1169 2233 non
1204 2190 1341 2233 decor.
1378 2188 1515 2244 (Todt.
1541 2187 1564 2232 l.
1590 2187 1616 2231 l.
1641 2201 1708 2246 pg.
1733 2188 1829 2239 47.)
1863 2186 1999 2247 Itaque
2033 2186 2099 2246 qui
2133 2186 2328 2230 adiectiva
2352 2201 2423 2230 ex·

288 2259 441 2317 plicare
485 2270 664 2317 conatur,
703 2278 1008 2320 saepenumero,
1042 2279 1133 2308 cum
1178 2263 1341 2308 verbum
1376 2260 1581 2306 consimile
1625 2276 1702 2303 non
1747 2268 1910 2317 praesto
1944 2260 2008 2314 sit,
2042 2275 2090 2303 eo
2122 2260 2347 2317 adducitur,
2381 2270 2424 2304 ut

289 2334 472 2379 adiectivi
511 2336 726 2394 compositi
767 2337 944 2381 membra
985 2337 1192 2381 dissecare
1231 2336 1379 2381 debeat
1416 2344 1537 2396 atque
1572 2335 1610 2377 in
1645 2333 1877 2392 explicando
1911 2342 2033 2391 ponat
2066 2333 2294 2377 infinitivum
2329 2334 2425 2377 sim-

290 2407 407 2463 plicis
430 2409 541 2453 verbi
574 2425 664 2453 cum
699 2425 796 2453 casu
831 2410 1045 2467 pendente.
1112 2411 1297 2454 Ceterum
1332 2427 1381 2455 ne
1415 2411 1494 2453 hoc
1526 2410 1686 2469 quidem
1718 2424 1845 2467 genus
1878 2408 2067 2464 proprius
2100 2408 2330 2465 procreavit
2362 2408 2426 2450 in-

290 2480 397 2538 genii
435 2482 636 2540 Euripidei
678 2483 866 2540 impetus‚·
918 2484 1036 2527 immo
1074 2483 1179 2527 haud
1218 2500 1345 2541 pauca
1389 2500 1521 2542 eaque
1558 2483 1725 2527 audacia
1766 2481 1946 2538 exempla
1985 2482 2163 2525 invenias
2202 2483 2244 2524 in
2277 2482 2425 2525 fabulis

289 2552 524 2614 Aeschyleis
564 2558 646 2612 (ex.
690 2573 749 2617 gr.
784 2556 1210 2616 ναρθηκοπλήρωτον
1242 2556 1382 2614 πυρὸς
1411 2556 1554 2616 πηγήν
1589 2556 1719 2601 Prom.
1750 2554 1851 2601 109.
1885 2554 1909 2599 i.
1937 2570 1971 2599 e.
2008 2553 2148 2611 πυρὸς
2178 2554 2323 2615 πηγὴν
2356 2571 2425 2613 γε·

291 2626 471 2687 νομένην
494 2630 558 2687 τῷ
585 2629 777 2689 πληροῦν
800 2630 999 2690 νάρθηκα
1022 2630 1204 2674 flammae
1238 2630 1342 2685 fons,
1375 2630 1441 2687 qui
1475 2631 1606 2674 factus
1638 2638 1700 2675 est
1731 2627 1965 2672 arundinem
1987 2627 2203 2686 replend03
2227 2628 2281 2676 cf.
2305 2627 2423 2673 Todt.

290 2699 315 2744 l.
350 2699 377 2744 l.
411 2717 478 2761 pg.
509 2702 605 2757 56).
645 2703 858 2761 Euripidea
897 2703 998 2747 haec
1036 2704 1119 2747 fere
1157 2711 1269 2748 sunt:
1319 2704 1471 2747 Pboen.
1505 2703 1616 2747 338:
1665 2700 1916 2744 παιδοποιὸν
1948 2701 2112 2744 ἁδονάν
2145 2726 2196 2744 ==
2230 2704 2274 2762 5.
2307 2716 2425 2759 γενο-

284 2773 421 2832 μένην
453 2777 518 2831 τῷ
558 2777 833 2826 παιδοποιεῖν,
867 2776 1110 2834 voluptatem
1153 2791 1259 2836 quae
1297 2776 1338 2819 fit
1378 2776 1515 2819 liberis
1555 2776 1780 2835 gignendis.
1822 2775 1913 2833 frgt.
1945 2774 2051 2818 541:
2111 2775 2430 2835 ἁνδροβρῶτας

289 2845 454 2904 ἡδονάς
482 2871 532 2889 =
566 2849 609 2906 ἡ.
650 2848 888 2906 γενομένας
929 2851 993 2907 τῷ
1022 2848 1281 2910 βιβρώσκειν
1313 2847 1480 2905 ἄνδρας
1510 2865 1581 2893 seu
1615 2847 1850 2905 γενομένας
1879 2850 1944 2905 τῷ
1978 2847 2355 2907 ἀνθρωποφαγεῖν,
2388 2865 2425 2892 ν.

288 2935 393 2979 quae
416 2919 458 2964 fit
481 2919 707 2966 hominibus
731 2923 1011 2979 comedendis3
1043 2922 1220 2968 similiter
1241 2922 1361 2968 Herc.
1386 2923 1412 2967 s.
1441 2924 1549 2970 385:
1576 2923 1855 2981 χαρμοναῖσιν
1876 2921 2169 2983 ἀνδροβρῶσις
2190 2924 2240 2968 cf.
2267 2922 2428 2967 Anthoi.
