2742 3437
1293 121 1350 167 ¹6

217 300 220 303 ·
232 296 320 339 μον
351 279 509 330 ἑστίας.
553 279 807 333 substantiva
840 277 973 336 ὄμμα,
1008 277 1197 335 ἄγαλμα,
1230 277 1350 322 ἑστία
1383 278 1444 324 his
1476 279 1583 329 locis,
1617 286 1661 322 ut
1693 294 1886 341 penepe
1916 285 2024 337 alias,
2056 282 2392 350 circumlocutio-i

237 354 470 408 inserviunt:
508 354 704 399 adiectiva
737 368 845 404 vero,
878 368 978 412 quae
1012 352 1170 413 proprie
1204 351 1255 395 ad
1286 353 1481 408 genitivos
1513 352 1747 412 applicanda
1774 363 1899 408 erant,
1929 359 2041 403 casui
2077 358 2207 418 potin.
2237 357 2403 420 regati
2437 383 2445 388 -
2473 328 2476 330 Ι
2519 328 2521 330 k

236 430 417 487 adaptata
465 435 571 474 sunt.
649 429 900 488 Quamquam
950 426 1070 483 igitur
1118 426 1418 471 concedendum
1469 427 1543 470 erit
1584 426 1777 490 Iaeohsio.
1821 430 2052 490 pierumque
2085 433 2132 475 in
2176 421 2390 489 periphrasi
2446 433 2447 438 ’

235 502 411 561 epitheta
450 502 487 545 ei
531 501 722 547 vocabulo
753 498 909 561 apponi,
943 498 1050 558 quod
1084 499 1311 557 primarium
1344 500 1397 544 sit
1427 500 1465 544 in
1499 497 1752 558 circueundo.
1785 509 1917 547 tamen
1951 520 2030 549 non
2063 520 2219 564 semper
2250 513 2392 563 poetae

237 577 313 619 hac
350 577 441 633 lege
474 590 561 618 sese
600 573 789 630 obstringi
825 573 925 630 passi
960 580 1065 617 sunt.
1132 572 1258 617 Testis
1292 581 1352 618 est
1384 588 1516 618 versus
1549 574 1748 626 Troadum
1781 575 1851 630 illi,
1885 592 2004 638 quem
2037 578 2159 623 modo
2187 577 2392 639 exscripsi,

237 650 385 694 vicinus
431 649 572 693 1208:
619 646 923 701 σκυλευμάτων
966 645 1163 702 Φρυγίων
1194 646 1367 703 κόσμον,
1403 649 1470 708 qui
1505 648 1559 690 oh
1592 649 1713 705 ipsam
1747 649 1958 694 verborum
1990 651 2286 695 similitudinem
2318 666 2393 709 op—

238 724 333 766 time
356 737 438 765 rem
462 721 680 762 illustrabit.
728 719 842 761 Addo
864 718 1009 762 Troad.
1033 719 1144 762 800:
1184 720 1316 762 νάσου
1349 719 1636 776 περικύμονος
1666 719 1816 777 ἕδραν,
1849 722 1915 766 ubi
1951 725 2151 781 epitheton
2186 724 2393 783 copulatur

240 812 328 841 cum
357 796 516 838 notione
545 793 693 845 νάσου,
717 807 961 851 quamquam
997 792 1130 835 νάσου
1164 791 1299 847 ἕδραν
1332 794 1468 850 procul
1501 793 1625 836 dubio
1659 794 1898 851 periphrasis
1930 805 2003 839 est.
2049 797 2110 842 cf.
2133 798 2255 842 Rhes.
2281 798 2392 841 278:

238 869 367 919 ποίας
406 866 621 925 πατρῴας
661 869 744 925 γῆς
784 863 1024 924 ἐρημώσας
1066 865 1212 910 πέδον.
1264 866 1337 922 srg.
1372 865 1482 910 562:
1531 869 1615 925 γῆς
1644 865 1860 924 πατρῴας
1890 867 2036 913 πέδον.
2103 871 2189 927 lph.
2211 863 2257 914 T.
2285 870 2391 915 136:

238 941 461 999 πατρῴων
500 938 629 983 οἴκων
671 938 821 995 ἕδρας,
867 954 968 997 quae
1009 948 1138 982 tamen
1183 939 1341 982 minoris
1380 941 1566 982 momenti
1611 947 1700 983 sunt
1733 939 1836 990 ideo,
1871 942 1975 999 quod
2010 943 2285 1002 πατρῴαγῆ
2318 957 2390 1001 pro

238 1031 315 1058 una
349 1012 558 1070 πατρίδος
588 1027 681 1055 voce
715 1013 971 1055 substitutum
1006 1022 1076 1056 est.
1115 1037 1169 1043 —
1208 1014 1307 1054 Sunt
1340 1013 1437 1056 haec
1470 1012 1653 1055 dictionis
1687 1027 1796 1056 mere
1829 1014 2132 1071 periphrasticae
2164 1016 2391 1074 specimina,

238 1105 259 1132 a
305 1088 448 1147 quibus
490 1102 568 1130 non
614 1087 778 1129 multum
823 1086 1015 1129 recedunt
1103 1087 1166 1130 El.
1202 1088 1312 1130 877:
1382 1085 1617 1142 τέθριππον
1660 1085 1780 1145 ἡλίου
1825 1086 1967 1138 σέλας.
2039 1091 2129 1133 Hel.
2168 1091 2281 1135 341:
2326 1089 2389 1133 τὲ-

237 1161 408 1217 θριππά
443 1160 482 1203 29³
519 1159 640 1202 ἁλίου
677 1158 727 1208 ἐς
756 1158 961 1202 κέλευθα.
1030 1160 1171 1202 Troad.
1198 1161 1307 1203 860:
1356 1159 1394 1202 ὦ
1427 1159 1707 1216 καλλιφεγγὲς
1737 1159 1857 1217 ἡλίου
1890 1161 2034 1211 σέλας.
2090 1164 2231 1207 Aesch.
2256 1165 2387 1207 Pmm.

238 1235 318 1278 91:
369 1233 441 1276 τὸν
474 1232 696 1289 πανόπτην
728 1231 880 1274 κύκλον
913 1231 1046 1288 ἡλίου.
1085 1257 1139 1263 -
1176 1233 1328 1277 Phoen.
1356 1232 1494 1276 1635:
1543 1230 1758 1289 τρίπτυχοι
1792 1236 1958 1288 νεκρῶν
1990 1235 2160 1293 θρῆνοι.
2215 1235 2317 1292 Cycl.
2342 1234 2391 1277 5:

238 1306 430 1365 γηγενὴς
462 1305 585 1362 μάχη
634 1303 777 1359 δορός.
847 1305 918 1346 Or.
946 1304 1055 1347 225:
1099 1304 1358 1362 βοστρύχων
1391 1305 1576 1353 πινῶδες
1611 1303 1759 1346 ἄθλιον
1800 1305 1932 1360 κάρα.
1978 1306 2027 1349 cf.
2060 1315 2190 1350 notam
2230 1307 2388 1351 Klotzii.

240 1382 283 1423 ln
320 1380 379 1422 his
413 1379 517 1421 enim
552 1377 735 1420 omnibus
769 1384 848 1418 tam
882 1384 988 1419 arcte
1023 1378 1181 1433 genitivi
1217 1379 1429 1421 cohaerent
1462 1394 1553 1421 cum
1586 1378 1810 1421 nominibus
1842 1381 2083 1435 regentibus,
2117 1388 2160 1423 ut
2192 1382 2388 1438 aptissime

240 1467 441 1509 compares
465 1451 694 1493 vernaculae
718 1451 876 1505 linguae
909 1451 1139 1507 composita,
1172 1458 1216 1492 ut
1240 1450 1550 1507 (Ξοηηειιςῐαηῇ,
1574 1450 1876 1509 ῧοηιιιιιΰαβιι,
1902 1451 2179 1506 Εοιιητηῡαῦ,
2214 1452 2387 1498 Sabim*

239 1528 363 1582 finge,
398 1524 681 1577 &peerfanmfi
722 1523 1000 1579 ssocfenbaupt.
1053 1523 1263 1574 Quomodo
1302 1530 1432 1565 autem
1465 1525 1650 1566 affirmari
1684 1525 1817 1580 possit,
1849 1526 2059 1581 genitivum
2093 1526 2130 1567 in
2164 1526 2315 1575 talibus,
2348 1534 2391 1568 ut

250 1612 600 1657 supervacaneum,
645 1595 856 1638 commode
892 1596 1017 1638 omitti
1055 1610 1180 1652 posse,
1224 1611 1298 1652 ego
1341 1612 1418 1640 non
1462 1597 1672 1655 adsequor.
1740 1598 1849 1649 Quid
1893 1600 1995 1641 enim
2041 1599 2114 1641 sihi
2160 1601 2293 1641 volunt
2325 1599 2388 1641 τέ-

240 1675 409 1727 θριππα
453 1670 656 1719 κέλευθα,
702 1667 937 1722 τέθριππον
977 1667 1111 1717 σέλας
1150 1668 1323 1719 absente,
1367 1684 1467 1727 quae
1506 1669 1555 1712 ad
1596 1670 1828 1714 sententiam
1864 1672 2035 1714 maxime
2068 1672 2284 1715 necessaria
2318 1678 2388 1721 est,

241 1745 363 1802 ἡλίου
405 1744 589 1785 notione?
627 1767 678 1772 —
718 1742 836 1783 Addo
872 1755 993 1797 pauca
1034 1743 1315 1784 adiectivorum
1357 1744 1590 1799 simplicium
1631 1744 1820 1799 exempla.
1888 1746 1974 1787 lon.
2008 1744 2149 1788 1240:
2197 1744 2388 1786 θανάτου

240 1818 439 1871 λεύσιμον
480 1814 601 1857 ἄταν.
676 1815 764 1856 Hel.
804 1813 938 1857 1304:
995 1813 1200 1868 ποτάμιόν
1241 1828 1286 1856 τε
1325 1815 1448 1871 χεῦμ’
1497 1817 1680 1860 ὑδάτων.
1760 1816 1901 1860 Beller.
1938 1818 2011 1873 frg.
2051 1819 2121 1866 17,
2152 1817 2197 1859 7:
2246 1816 2390 1871 θερμὰ

243 1889 364 1948 ἡλίου
406 1887 662 1942 τοξεύματα.
736 1886 925 1929 Androm.
970 1887 1105 1930 1086:
1166 1888 1282 1943 τρεῖς
1320 1887 1512 1946 φαεννὰς
1552 1888 1671 1948 ἡλίου
1712 1888 1945 1940 διεξόδους.
2023 1891 2109 1935 lon.
2149 1889 2285 1935 1516:
2343 1887 2390 1933 ἐν

243 1966 448 2020 φαενναῖς
478 1963 597 2019 ἡλίου
632 1963 921 2018 περιπτυχαῖς.
947 1963 1006 2003 ΕΙ.
1033 1962 1141 2003 465:
1180 1962 1364 2019 φαέθων
1397 1962 1551 2012 κύκλος
1581 1962 1752 2008 ἀελίοιο.
1807 1964 1890 2008 Alc.
1918 1964 2026 2008 217:
2073 1962 2241 2020 μέλανα
2274 1961 2389 2006 στολ-

238 2037 322 2092 μὸν
357 2036 544 2078 πέπλων.

341 2112 381 2153 2.
433 2112 566 2167 Atque
607 2110 636 2151 si
674 2111 748 2150 iam
784 2125 830 2150 ex
866 2110 1060 2151 nonnullis
1095 2124 1244 2158 eorum,
1279 2125 1379 2167 quae
1413 2109 1756 2165 consideravimus,
1790 2114 1881 2153 satis
1916 2110 2106 2160 elucebat,
2140 2110 2389 2152 traiectorum

244 2184 525 2227 adiectivorum
556 2199 667 2225 usum
691 2184 805 2225 nimis
834 2184 1007 2238 angustis
1032 2198 1051 2224 a
1075 2184 1290 2224 Matthiaeo
1324 2184 1504 2226 cancellis
1541 2198 1625 2226 esse
1660 2185 2010 2241 circumscriptum,
2044 2183 2084 2225 id
2118 2183 2240 2225 multo
2274 2183 2390 2224 etiam

244 2258 369 2314 magis
391 2257 565 2313 patefiet,
596 2257 626 2298 si
650 2256 697 2298 ad
722 2271 765 2298 ea
801 2257 971 2298 animum
1006 2256 1298 2299 adverterimus.
1335 2272 1435 2313 quae
1469 2273 1546 2299 non
1581 2264 1766 2313 poterunt
1799 2257 1976 2314 expediri
2010 2257 2144 2313 priore
2178 2256 2241 2298 illa
2276 2269 2389 2313 quam

244 2346 360 2388 supra
401 2331 604 2387 posuimus
639 2329 895 2372 transferendi
932 2344 1063 2373 causa.
1129 2331 1198 2372 Sat
1232 2331 1353 2372 multa
1387 2332 1491 2373 enim
1527 2337 1734 2372 occurrunt
1766 2331 2002 2373 traiectionis
2035 2329 2260 2386 specimina,
2291 2343 2391 2386 quae

244 2421 324 2448 non
364 2404 570 2446 admittant
610 2404 816 2445 arctiorem
862 2418 973 2445 casus
1018 2405 1193 2460 suspensi
1240 2419 1326 2446 cum
1360 2411 1521 2460 regente
1556 2404 1883 2447 coniunctionem.
1950 2406 2084 2460 ltaque
2118 2401 2313 2461 siquidem
2349 2416 2392 2444 re

244 2494 334 2521 vera
358 2478 589 2520 adiectivum
615 2477 664 2519 ad
689 2492 819 2519 casum
841 2477 1075 2533 pendentem
1096 2478 1254 2534 proprie
1272 2477 1523 2520 referendum
1542 2486 1636 2527 erat,
1654 2478 1767 2520 aliam
1785 2484 1944 2535 oportet
1962 2476 2236 2532 investigemus
2256 2476 2391 2533 hypal-

245 2553 352 2608 lages
376 2551 683 2594 excusationem.
711 2576 763 2581 -—
793 2552 844 2592 Ut
867 2566 887 2592 a
913 2551 1119 2593 lenissimis
1149 2551 1360 2599 ordiamur,
1394 2551 1562 2606 primum
1597 2552 1719 2593 affero
1753 2551 1937 2593 nonnulla
1972 2549 2158 2592 adiectiva
2194 2549 2392 2605 simplicia,

245 2640 347 2683 quae
372 2625 504 2681 populi
529 2625 588 2667 vel
612 2624 740 2683 gentis
765 2624 963 2666 notionem
989 2625 1226 2681 exprimunt.
1263 2624 1388 2667 Andr.
1419 2623 1522 2667 159:
1558 2623 1813 2679 Ἠπειρῶτις
1834 2623 1952 2682 ψυχὴ
1976 2624 2199 2677 γυναικῶν,
2222 2636 2391 2678 qnocum

244 2699 334 2740 licet
368 2697 537 2739 conferri
574 2697 718 2739 Aesch.
741 2697 850 2738 Pers,
880 2696 986 2739 246:
1038 2696 1246 2752 Περσικὸν
1279 2694 1489 2754 δράμημα
1523 2695 1680 2754 φωτός.
1754 2696 1879 2754 Soph.
1905 2695 2043 2739 Trach.
2070 2692 2178 2737 993:
2225 2692 2392 2752 Κηναία

243 2770 403 2829 κρηπὶς
430 2770 608 2828 βωμῶν.
659 2771 859 2827 Aristoph.
885 2772 1046 2828 Lysistr.
1077 2771 1182 2813 196:
1228 2770 1381 2813 θάσιον
1415 2768 1529 2812 οἴνου
1564 2769 1777 2826 οτάμνιον.
1823 2772 1982 2813 Lucret.
2009 2769 2040 2810 1.
2067 2767 2176 2811 475:
2216 2767 2392 2811 Alexan-

245 2845 302 2887 dri
339 2845 506 2901 Phrygio
541 2846 613 2887 sub
648 2852 821 2900 pectore.
857 2860 890 2887 v.
918 2845 995 2887 24:
1034 2844 1254 2886 Nemeaeus
1289 2845 1414 2885 hiatus
1448 2845 1571 2885 leonis
1652 2842 1870 2885 Memoratu
1906 2841 2096 2897 imprimis
2131 2840 2294 2896 dignum
2329 2847 2390 2882 est
