2742 3437
510 683 597 751 De
642 681 1103 769 adjectivorum
1147 679 1633 766 compositorum
1676 702 1800 749 usu
1845 678 2189 765 Euripideo.

276 927 457 1036 Multi
491 1009 651 1054 semper
686 994 752 1035 viri
788 994 910 1050 docti,
944 1008 1032 1036 eum
1067 993 1245 1036 certatim
1280 993 1319 1034 in
1355 1008 1404 1035 eo
1439 993 1706 1048 elaborarent,
1740 1002 1779 1036 ut
1812 978 2011 1037 sermonis
2045 994 2186 1053 tragici
2222 1000 2402 1036 naturam

275 1079 396 1129 atque
424 1067 598 1111 indolem
629 1077 817 1111 accurate
846 1069 1126 1127 perspicerent
1156 1067 1359 1126 certisque
1388 1066 1531 1109 finibus
1559 1067 1651 1110 illud
1682 1068 1842 1111 dicendi
1871 1083 2001 1126 genus
2025 1067 2404 1111 circumscriberent

277 1158 355 1186 non
395 1140 523 1184 solum
565 1141 659 1200 quid
700 1150 810 1185 esset
848 1141 1052 1201 proprium
1093 1140 1238 1200 cuique
1277 1140 1449 1183 virorum
1488 1140 1524 1182 in
1565 1141 1771 1201 tragoedia
1811 1156 1959 1200 graeca
1998 1140 2238 1200 principum,
2272 1154 2406 1183 verum

276 1197 393 1260 etiaim
438 1215 533 1274 quid
573 1214 728 1258 differet
766 1214 946 1257 sublimis
984 1214 1048 1258 ille
1089 1224 1128 1257 et
1167 1221 1418 1272 contemptor
1462 1213 1681 1273 vulgarium
1720 1215 1875 1257 animus
1914 1214 2119 1257 nascentis
2158 1213 2406 1274 potissimum

274 1288 505 1347 tragoediae
540 1288 590 1330 ab
626 1288 728 1346 epici
764 1288 951 1331 carminis
985 1287 1249 1345 simplicitate,
1288 1287 1482 1346 exemplis
1527 1287 1655 1331 allatis
1695 1289 1844 1332 docere
1885 1288 2136 1332 studuerunt.
2203 1287 2331 1346 Atque
2372 1286 2405 1329 si

277 1361 518 1422 quaerimus,
557 1360 651 1420 quid
692 1360 928 1404 discriminis
969 1360 1189 1404 intercedat
1229 1360 1331 1403 inter
1370 1359 1632 1405 elocutionem
1672 1361 1863 1421 tragicam
1903 1370 1945 1405 et
1983 1361 2153 1421 epicam,
2194 1359 2307 1404 facile
2349 1360 2409 1402 in-

276 1435 492 1487 veniemus,
527 1449 576 1477 eo
608 1434 855 1493 potissimum
886 1434 1043 1476 nomine
1072 1433 1236 1476 alteram
1266 1433 1316 1475 ab
1346 1433 1470 1477 altera
1499 1434 1730 1489 abhorrere,
1761 1443 1801 1477 ut
1831 1436 1940 1495 quod
1970 1435 2150 1495 pluribus
2181 1433 2407 1476 notionibus

276 1518 315 1553 et
353 1507 414 1551 vel
453 1508 616 1567 integris
657 1508 872 1567 phrasibus
912 1524 985 1567 pro
1025 1507 1211 1552 carminis
1252 1506 1383 1550 indole
1417 1508 1609 1567 exprimat
1642 1515 1761 1567 poeta
1796 1509 1949 1568 epicus,
1983 1509 2022 1551 id
2057 1508 2094 1551 in
2131 1523 2247 1550 unum
2280 1516 2400 1566 atque

276 1582 445 1625 solidum
486 1580 663 1625 vocabuli
705 1581 914 1641 compositi
957 1596 1104 1641 corpus
1144 1589 1386 1624 contractum
1422 1580 1682 1641 proloquatur
1715 1582 1909 1641 tragicus3
1960 1583 2068 1642 quod
2103 1580 2307 1625 vocabulis
2341 1580 2407 1623 ille

275 1655 538 1714 simplicibus.
581 1655 777 1698 interdum
810 1655 907 1697 satis
937 1655 1089 1708 ieiunis,
1124 1664 1283 1697 enarret
1315 1655 1354 1697 id
1388 1656 1698 1715 compositorum
1733 1656 1931 1715 elegantia
1966 1665 2198 1700 exornatum
2233 1655 2296 1698 hic
2330 1670 2407 1697 non

276 1730 362 1772 sine
406 1728 521 1771 animi
562 1727 828 1771 oblectatione
867 1727 1118 1770 audientibus
1159 1736 1373 1787 proponat.
1446 1728 1622 1789 Exempli
1665 1730 1792 1788 gratia
1834 1746 1908 1789 pro
1951 1746 2012 1783 eo,
2054 1730 2162 1789 quod
2202 1738 2264 1772 est
2302 1727 2406 1788 apud

276 1802 487 1845 Homerum
516 1801 665 1858 θεόφιν
692 1802 876 1859 μήστωρ
906 1800 1142 1850 ἀτάλαντος
1169 1800 1245 1844 Od.
1273 1801 1313 1844 3.
1342 1802 1442 1845 110.
1469 1802 1713 1845 clarissimus
1749 1803 1926 1846 cohortis
1961 1803 2139 1862 tragicae
2174 1803 2253 1844 dux
2288 1810 2407 1860 atque

273 1875 559 1933 antesignanus
604 1875 753 1933 proprii
789 1875 933 1933 ingenii
979 1874 1124 1933 impetu
1166 1875 1273 1917 finxit
1307 1876 1569 1932 θεομήστωρ
1603 1876 1715 1919 Pers.
1742 1875 1853 1926 653,-
1900 1892 1989 1919 cum
2024 1876 2219 1919 Homerus
2255 1875 2406 1918 scribat

274 1948 318 1992 ll.
336 1949 377 1993 5.
400 1948 509 1993 493:
533 1948 640 1991 δάκε
658 1948 709 1991 δὲ
731 1945 1081 2006 φρένας-(Ἕκτορι
1099 1950 1244 2004 μῦθος
1264 1948 1369 2008 apud
1388 1948 1629 2008 Aeschylum
1652 1949 1820 2010 legimus
1839 1950 1913 2010 Ag.
1944 1950 2080 1995 1471:
2101 1949 2408 2008 καρδιόδηκτον

277 2021 373 2077 ἐμοὶ
411 2021 582 2078 κράτος.
661 2023 858 2074 Quantum
905 2037 999 2064 vero
1046 2022 1166 2065 distet
1210 2023 1311 2081 epici
1353 2023 1539 2065 carminis
1580 2024 1812 2083 simplicitas
1858 2040 1880 2065 a
1922 2023 2134 2065 laetissima
2177 2022 2407 2081 tragoediae

279 2096 409 2153 copia,
436 2096 590 2139 videbis
620 2112 667 2143 ex
699 2095 911 2138 homericis
929 2095 1125 2151 Ἀτρείδα
1150 2096 1256 2151 δύω,
1277 2096 1368 2138 δύω
1389 2096 1639 2154 Ἀντήνορος
1665 2096 1741 2149 υἷε,
1776 2097 1853 2139 δύο
1888 2097 2031 2154 ἤματα
2066 2104 2142 2138 ect.
2179 2095 2210 2137 si
2245 2110 2409 2153 compa-

276 2168 426 2211 raveris
467 2184 555 2211 eum
596 2168 836 2227 tragicorum
877 2168 1045 2211 inventis
1083 2169 1297 2224 δικρατεῖς
1328 2169 1553 2224 >Ατρεῖδαι,
1588 2169 1781 2226 διᾳυίοισι
1818 2168 2138 2222 Τανταλίδαισιν,
2172 2167 2414 2224 δισσάρχας

272 2241 465 2300 βασιλῆς,
519 2241 703 2300 Ἀχαιῶν
755 2241 952 2296 δίθρονον
1003 2240 1174 2296 κράτος,
1221 2242 1422 2297 διθρόνου
1473 2243 1621 2285 Διόθεν
1667 2242 1739 2285 καὶ
1782 2243 2040 2300 δισκήπτρου
2092 2244 2214 2299 τιμῆς
2250 2239 2411 2297 ὀχυρὸν

277 2314 426 2371 ζεῦγος
457 2315 691 2373 Ἀτρειδᾶν,
754 2315 943 2374 δίπτυχοι
982 2313 1153 2370 νεανίαι,
1194 2315 1381 2374 δίπτυχοι
1415 2320 1563 2375 μῆνες.
1608 2342 1661 2348 -
1704 2316 1785 2359 Nec
1824 2316 1986 2366 mirum,·
2041 2313 2248 2373 tragoedia
2290 2314 2410 2368 enim,

276 2388 425 2447 quippe
456 2406 559 2449 quae
589 2390 625 2432 in
658 2389 957 2433 vehementibus
987 2389 1103 2432 animi
1134 2389 1344 2433 affectibus
1368 2389 1616 2433 concitandis
1652 2398 1844 2444 versetur,
1878 2406 1926 2433 ea
1963 2397 2038 2442 est,
2072 2404 2176 2448 quae
2212 2378 2409 2432 suminam

276 2462 482 2506 audaciam
517 2479 605 2506 cum
639 2463 804 2524 reliquis
838 2464 874 2505 in
910 2463 1029 2505 rebus
1063 2471 1142 2506 tum
1177 2463 1214 2505 in
1251 2463 1491 2523 usurpandis
1526 2462 1729 2505 vocabulis
1762 2463 1996 2522 compositis
2032 2478 2109 2505 non
2145 2462 2275 2505 solum
2312 2478 2410 2522 per-

277 2534 416 2588 mittat,
449 2536 521 2579 sed
558 2536 618 2581 vel
654 2552 878 2596 exposcere
914 2536 1104 2581 videatur.
1171 2532 1356 2582 Profecto
1389 2535 1511 2580 multo
1545 2537 1672 2596 magis
1706 2536 2008 2580 accommodata
2043 2544 2135 2579 sunt
2167 2535 2219 2581 ad
2254 2537 2411 2581 animos

277 2608 530 2653 vehementer
580 2610 890 2654 commovendos
944 2626 1046 2670 quae
1096 2610 1146 2653 ad
1198 2610 1378 2653 vocabuli
1423 2610 1610 2653 unitatem
1655 2625 1806 2654 conexa
1853 2619 1891 2653 et
1934 2610 1985 2653 ad
2033 2626 2151 2654 unam
2195 2611 2411 2671 imaginem

590 2797 624 2830 ln
660 2799 799 2831 citandis
830 2799 976 2840 Aeschyli
1008 2802 1038 2830 et
1068 2798 1239 2841 Sophoclis
1270 2798 1351 2831 loeis
1381 2798 1578 2830 editionibus
1609 2807 1686 2829 usus
1716 2808 1787 2829 sum
1820 2798 2059 2836 Dindorfianis3
2098 2798 2266 2841 Euripidis
2297 2810 2413 2833 versus

530 2850 668 2883 indicavi
701 2861 739 2882 ex
770 2851 912 2883 editione
945 2850 1144 2883 Kirohhoffii.

2125 2915 2159 2946 1.
