2742 3437
1368 130 1553 179 10-4

313 273 463 352 poetis
492 292 646 352 pariter
687 292 866 337 admissa
905 302 999 337 sunt
1039 292 1275 350 quiescente
1316 287 1483 335 alterius
1531 291 1659 351 partis
1703 291 1871 334 notione!
1909 295 1973 348 (ut
1999 284 2231 340 'adieouva
2253 294 2298 338 in
2323 293 2485 354 ειδῇς,
2522 301 2551 329 Ἃ
2590 316 2616 331 v
2650 298 2737 354 ’,ἡ

2699 348 2738 380 ‘s

315 365 444 425 ωδης
482 366 858 425 maculemus),
894 375 964 410 aut
996 365 1031 410 si
1065 364 1263 424 Euripidis
1296 366 1461 425 propria
1493 373 1599 421 sunt,
1630 372 1820 424 poterunt
1851 363 2028 410 defendi.
2053 396 2056 398 v
2092 369 2184 422 Quo
2222 368 2308 412 iure
2339 373 2467 427 :poeta

314 438 472 484 Pboou.
510 438 606 485 683
651 438 796 486 dixerit
834 438 1039 495 διώνυμοι
1071 437 1178 482 θεαί
1213 438 1471 484 annotatione
1509 453 1582 483 sua
1621 437 1900 498 comprobavit
1919 436 2135 496 ,ΚΙαιιὶιιες
2188 441 2295 486 idem
2333 446 2466 485 autem

317 512 452 559 Andr.
470 514 582 556 2773
621 512 832 571 τρίκωλον
854 511 973 569 ἅρμα
1006 511 1224 569 δαιμόνων
1254 510 1501 572 καλλιζυγές
1529 519 1570 556 et
1600 510 1690 556 Hel.
1726 510 1839 557 357:
1886 510 2096 570 τριζύγοις
2123 516 2265 561 θεαῖσι
2295 514 2349 560 ab
2379 515 2467 560 im-

317 586 381 631 nis
433 587 725 631 redundantiae
772 585 1005 644 suspicione
1058 585 1264 629 vindicare
1316 587 1478 629 studuit.
1533 608 1586 617 --
1631 583 1774 644 Suppl.
1816 584 1926 627 993:
1982 586 2179 631 ὠκυθόαι
2218 588 2401 647 νύμφαι,
2429 586 2464 630 si

316 656 550 706 Scbirlitzio
579 658 780 714 credimus
809 657 856 713 (Ι.
882 656 909 702 Ι.
933 674 1002 718 pg.
1027 657 1110 712 55)
1134 667 1196 703 est
1219 674 1339 703 cursu
1363 659 1540 713 celeres3
1574 674 1652 702 non
1681 657 1787 701 enim
1810 669 2159 718 proparoxytonos
2182 663 2385 712 ὠκύθοος
2404 662 2465 705 in-

319 731 581 794 telligendum
621 740 696 787 est,
735 740 777 776 ut
817 731 869 776 sit
910 746 960 775 ex
1000 731 1158 776 duobus
1199 732 1429 792 synonymis
1463 732 1691 790 conflatum,
1723 731 1798 776 sed
1831 742 2104 791 paroxytonos
2137 736 2350 790 ὠκυθόος,
2385 736 2466 780 for-

319 816 468 851 matum
507 822 531 849 a
577 806 700 849 verbo
741 805 835 848 θέω
876 805 1023 863 pariter
1062 821 1112 850 ac
1148 805 1357 866 βοηθόος.
1402 830 1453 839 -
1503 807 1561 851 De
1603 822 1678 851 usu
1718 806 1829 851 vocis
1868 806 2116 865 ὁμόπτερος
2145 810 2320 866 (Phoen.
2357 810 2465 855 328:

318 879 465 937 ἀπήνη
499 878 746 934 ὁμόπτερος
776 904 827 922 =
862 895 937 938 par
970 880 1134 922 fratrum
1167 887 1299 922 aetate
1333 881 1624 938 propemodum
1659 880 1905 940 aequalium3
1956 880 2014 923 El.
2040 882 2150 925 560:
2197 883 2471 943 βοστρύχους

317 950 592 1008 ὁμοπτέρους
605 975 656 993 =
674 951 862 1011 capillum
882 951 1148 1010 consimilem;
1173 952 1221 995 cf.
1242 951 1389 995 Aesch.
1406 952 1586 1009 Choeph.
1611 954 1712 1009 174)
1731 953 1819 996 vide
1837 969 1942 1010 quae
1961 966 2256 1012 congesserunt
2273 956 2463 1000 Valcken.

317 1026 371 1069 ad
411 1025 564 1068 Phoeu.
612 1024 636 1068 Ι.
669 1040 707 1070 c.
751 1024 949 1069 Abrescb.
992 1025 1044 1067 ad
1084 1024 1231 1068 Aesch.
1274 1023 1455 1084 Choeph.
1487 1024 1513 1069 Ι.
1540 1040 1576 1069 c.
1602 1023 1776 1070 Seidler.
1812 1025 1864 1069 ad
1896 1025 1989 1071 Eur.
2012 1026 2070 1071 El.
2098 1026 2120 1071 Ι.
2157 1045 2192 1072 e.
2232 1055 2285 1062 -
2323 1030 2381 1073 Ac
2414 1029 2464 1073 de

317 1099 528 1142 vocabulis
562 1100 796 1159 compositis
829 1099 1073 1142 abundantia
1107 1099 1281 1158 quadam
1314 1098 1538 1158 insignibus
1573 1098 1675 1142 haec
1708 1098 1918 1143 hactenus.

413 1225 456 1269 ΙΙ.
512 1225 738 1271 Proximum
778 1233 853 1281 est,
894 1234 936 1269 ut
977 1225 1027 1270 de
1067 1225 1116 1269 iis
1162 1224 1261 1269 locis
1302 1225 1475 1269 breviter
1518 1241 1728 1286 exponam,
1774 1226 1921 1285 quibus
1960 1226 2197 1271 adiectivum
2231 1228 2465 1279 substantivi

318 1299 430 1343 vices
459 1299 629 1344 sustinet
662 1299 837 1359 genitivo
872 1314 971 1343 casu
1006 1298 1141 1358 positi.
1210 1298 1443 1357 Priusquam
1479 1307 1613 1342 autem
1647 1299 1853 1359 pergimus
1886 1300 1938 1343 ad
1972 1299 2152 1360 exempla
2185 1301 2465 1360 perlustranda

318 1373 371 1416 de
406 1372 540 1416 talium
575 1373 861 1417 adieetivorum
895 1373 1051 1416 ratione
1086 1387 1135 1416 ac
1169 1380 1309 1416 natura
1343 1387 1474 1431 pauca
1510 1371 1813 1431 praemonenda
1847 1372 2028 1416 videntur
2061 1388 2169 1433 esse.
2226 1374 2315 1426 Qua
2347 1374 2386 1417 in
2421 1389 2466 1417 re

317 1446 423 1489 viam
457 1446 692 1490 monstravit
717 1446 1014 1504 Bernhardyus‚
1050 1446 1118 1504 qui
1153 1461 1242 1489 cum
1277 1445 1315 1488 in
1342 1445 1507 1503 syntaxi
1532 1460 1682 1504 graeca
1718 1460 1786 1504 pg.
1812 1445 1903 1489 425
1926 1460 2044 1505 seqq.
2081 1446 2118 1488 in
2154 1447 2381 1490 universum
2415 1447 2466 1490 de

316 1519 505 1562 adiectivi
546 1520 684 1578 graeci
726 1527 925 1561 structura
966 1519 1188 1577 syntactica
1233 1518 1468 1578 disputaret,
1509 1517 1615 1562 hunc
1655 1533 1817 1578 quoque
1858 1533 1972 1562 usum
2018 1519 2158 1579 paucis
2203 1519 2462 1563 adumbravit.

317 1592 443 1636 Recte
477 1591 581 1635 enim
615 1591 710 1634 vidit
742 1591 800 1633 vir
834 1591 991 1645 doctus,
1025 1590 1206 1634 noluisse
1241 1598 1396 1649 poetaS,
1431 1592 1667 1649 praesertim
1691 1591 1858 1647 Atticos,
1893 1593 2119 1651 composita
2154 1593 2306 1651 lingere
2338 1593 2466 1651 signi·

317 1664 516 1709 ficationis
563 1663 888 1708 determinativae
938 1663 1005 1719 ita,
1050 1672 1112 1720 ut,
1134 1663 1374 1707 adiectivum
1419 1678 1508 1707 cum
1553 1664 1802 1708 substantivo
1848 1665 1885 1707 in
1931 1665 2046 1707 unius
2091 1664 2272 1708 vocabuli
2316 1681 2466 1725 corpus

316 1737 552 1781 conflarent.
609 1737 795 1781 Attamen
830 1752 919 1780 cum
955 1752 1002 1781 ex
1036 1736 1161 1780 altera
1196 1744 1312 1796 parte
1346 1751 1469 1780 casus
1504 1737 1701 1796 genitivus
1735 1753 1876 1797 parum
1909 1746 2021 1782 arcto
2056 1737 2211 1782 vinculo
2245 1738 2466 1782 cohaerere

316 1811 517 1855 videretur
562 1825 653 1853 cum
693 1810 943 1853 substantivo
989 1818 1170 1869 regente,
1214 1810 1452 1870 plerumque
1501 1810 1699 1854 adiectivo
1744 1810 1933 1872 apposito
1979 1819 2267 1873 expresserunt
2308 1819 2466 1873 poetae,

316 1885 428 1945 quod
467 1894 535 1930 aut
576 1884 749 1945 genitivo
789 1885 1088 1944 exprimendum
1129 1894 1228 1940 erat,
1261 1894 1330 1928 aut
1363 1901 1454 1928 cum
1489 1885 1739 1928 substantivo
1773 1894 1940 1945 regente
1973 1886 2011 1929 in
2046 1886 2219 1930 solidum
2253 1885 2464 1946 compositi

317 1973 468 2020 corpus
503 1958 853 2020 compingendum.
902 1958 1151 2019 Quamquam
1186 1975 1280 2004 vero
1314 1958 1391 2002 iam
1425 1958 1532 2018 apud
1567 1958 1800 2003 veterrimos
1833 1968 1977 2018 poetas
2011 1975 2141 2018 pauca
2175 1960 2328 2018 passim
2361 1959 2466 2002 eius-

316 2034 425 2075 modi
466 2032 649 2091 exempla
690 2031 889 2090 leguntur,
930 2035 1014 2085 (ex.
1044 2047 1107 2091 gr.
1137 2031 1251 2075 Hom.
1276 2031 1320 2077 ΙΙ.
1346 2032 1388 2075 6.
1414 2033 1525 2076 528:
1558 2035 1758 2091 κρητῆρα
1792 2030 2029 2088 ἐλεύθερον
2051 2054 2101 2072 =
2126 2031 2464 2088 &teibeitssbccber;

317 2106 399 2151 ibd.
425 2106 499 2159 24,
531 2106 610 2149 58:
648 2105 826 2160 γυναῖκά
860 2118 907 2147 τε
941 2105 1109 2161 θήσατο
1138 2105 1287 2160 μαζόν.
1308 2106 1332 2141 ¹)
1383 2105 1498 2147 Pind.
1525 2105 1638 2161 Pyth.
1664 2104 1761 2147 Vlll.
1797 2105 1844 2148 5:
1882 2104 2136 2154 Πυθιόνικος
2166 2104 2297 2160 τιμά.)
2332 2112 2463 2146 tamen

315 2178 393 2222 hoc
432 2177 592 2221 dicendi
633 2193 763 2237 genus
804 2177 841 2220 in
881 2176 1038 2221 deliciis
1078 2177 1201 2221 fuisse
1241 2193 1330 2221 cum
1370 2177 1454 2220 aliis
1496 2177 1626 2236 poetis
1661 2177 1825 2237 tragicis
1859 2186 1939 2221 tum
1973 2177 2150 2237 Euripidi
2184 2185 2294 2221 recte
2328 2176 2464 2220 statuit

314 2252 600 2310 Bernhardyus
641 2251 664 2295 Ι.
708 2251 732 2295 Ι.
800 2251 885 2295 Nec
924 2250 1070 2295 desunt
1109 2251 1350 2312 scriptorum
1392 2250 1601 2295 latinorum
1641 2250 1837 2311 exempla.
1905 2250 1986 2296 Liv.
2017 2252 2092 2307 22,
2127 2251 2205 2296 26:
2255 2249 2463 2294 dictatoria

314 2326 460 2369 invidia
493 2350 543 2368 =
578 2328 636 2369 bie
677 2325 764 2369 sibit
799 2325 1046 2382 &timnumg
1085 2339 1201 2382 gessen
1242 2328 1314 2369 ben
1355 2325 1561 2381 SDictotot3
1611 2325 1690 2368 ibd.
1727 2325 1800 2378 29,
1838 2326 1913 2368 18:
1963 2325 2070 2367 omni
2105 2324 2236 2367 divino
2270 2323 2465 2365 humano-

314 2414 395 2458 que
434 2398 589 2443 scelere
629 2397 810 2455 liberari3
861 2396 959 2447 Sall.
984 2396 1075 2457 Jug.
1107 2398 1181 2452 41,
1223 2399 1268 2441 2:
1317 2406 1448 2441 metus
1488 2396 1664 2452 hostilis3
1716 2397 1798 2442 Cic.
1828 2396 1930 2443 Phil.
1954 2397 1997 2451 5,
2021 2397 2062 2454 9,
2088 2398 2166 2440 24:
2216 2404 2358 2455 pacata
2392 2411 2464 2439 ne-

313 2471 438 2531 quitia
477 2494 528 2512 =
570 2470 934 2526 fflicbtssmfirtigreit
978 2472 1031 2514 im
1073 2470 1251 2523 &tit-beu.
1304 2471 1362 2514 Cf.
1387 2469 1603 2530 Naegelsb.
1646 2469 1781 2514 stilist.
1815 2469 1881 2514 lat.
1912 2473 1950 2523 S.
1977 2470 2081 2513 300.
2134 2467 2246 2513 Seiff.
2272 2467 2351 2527 pal.
2377 2467 2460 2512 Cic.

315 2560 384 2604 pg.
416 2544 489 2589 25.
533 2569 588 2576 —-
632 2542 808 2587 Omnino
848 2559 942 2586 vero
982 2542 1074 2586 talis
1113 2543 1398 2587 adiectivorum
1441 2559 1537 2587 usus
1579 2543 1699 2586 multo
1733 2543 1863 2586 minus
1897 2543 2006 2586 cadit
2039 2543 2077 2585 in
2112 2540 2307 2601 simplicia
2342 2555 2462 2599 quam

314 2617 353 2660 in
400 2617 640 2677 composita.
713 2614 970 2660 Substantiva
1011 2616 1114 2659 enim
1155 2616 1350 2676 simplicia
1397 2632 1490 2661 raro
1530 2617 1817 2661 adiectivorum
1857 2625 2036 2660 naturam
2076 2616 2241 2658 induunt
2282 2613 2355 2655 nisi
2396 2613 2463 2668 ita,

499 2773 523 2810 ¹)
567 2772 766 2803 Scholiastes
806 2772 847 2802 ad
884 2769 916 2801 ll.
958 2772 1010 2806 2⁴,
1046 2772 1103 2803 58:
1152 2771 1258 2811 „robe
1291 2771 1328 2802 δὲ
1367 2769 1542 2807 Ἀττικοὺς
1580 2771 1631 2802 zai
1669 2771 1827 2814 Δωριέας
1858 2772 1930 2808 τοῖς
1962 2770 2174 2813 κυριοτέροις
2201 2768 2355 2812 χρῆσθαι
2390 2767 2463 2800 ἀντὶ

567 2824 735 2866 κτηταῶν·
762 2818 912 2865 ’Ἕλληνα
946 2823 1093 2863 στρατὸν
1128 2823 1200 2856 ἀντὶ
1225 2824 1287 2855 τοῦ
1326 2821 1516 2866 Ἑλληνικὸν
1541 2824 1591 2855 καὶ
1627 2822 1813 2865 ἄνθρωπον
1849 2824 1938 2866 ἦθος
1959 2824 2031 2856 ἀντὶ
2065 2824 2126 2855 τοῦ
2160 2820 2376 2862 ἀνθρώπινον
2410 2820 2464 2851 καὶ

568 2873 714 2905 Ἐλλάδα
739 2873 948 2905 διάλειτον.”
