2742 3437
265 294 545 356 disputatione
579 294 857 354 comprobavit
891 295 955 339 Fr.
986 294 1032 337 G.
1063 292 1262 338 Schmidt.
1297 293 1348 338 de
1382 293 1510 337 ubert.
1545 310 1605 337 or.
1640 292 1771 353 Soph.
1806 292 1834 336 l.
1869 309 1939 354 pg.
1964 295 2009 339 8.
2045 320 2103 328 —
2138 293 2221 340 Sed
2255 293 2333 338 iam
2366 291 2421 338 a'd

267 367 427 429 singula
462 383 700 428 pergamus.
2322 368 2326 370 ’
2417 353 2419 355 ’
2610 363 2651 427 ¹*

366 442 407 486 1.
463 439 585 502 Hipp.
611 441 706 488 668
735 440 918 486 Phaedra
947 439 1261 484 infelicissimam
1292 439 1498 484 mulierum
1528 439 1725 483 fortunam
1754 438 2027 497 significatura
2051 441 2244 493 τάλανες,
2279 438 2419 500 inquit,
2586 431 2602 462 Ἀ
2619 446 2742 488 “²⁸³2

269 515 308 560 ὦ
352 516 607 572 κακοτυχεῖς
647 517 856 572 γυναικῶν
900 512 1064 568 πότμοι.
1143 514 1347 557 Fortunae
1394 521 1526 556 autem
1571 512 1679 556 notio
1729 527 1819 556 cum
1868 513 1976 572 apud
2027 514 2205 575 tragicos
2250 510 2417 573 exprimi
2615 503 2627 518 ⁵
2659 512 2663 516 ’

269 587 404 632 soleat
434 595 503 630 aut
537 604 637 632 voce
676 588 839 643 πότμος
869 594 938 629 aut
959 585 1064 645 τύχη
1094 594 1163 629 aut
1186 585 1404 644 ξυμφορά,
1448 584 1583 644 liquet,
1606 585 1843 628 adiectivum
1877 586 2143 646 compositum
2175 585 2422 644 κακοτυχής
2652 641 2656 645 ‚

268 663 376 706 idem
410 661 542 704 valere
577 662 685 720 quod
720 660 890 718 simplici
925 660 1125 702 adiectivo
1157 659 1295 708 κακός
1325 659 1484 702 brevius
1518 659 1694 718 quidem,
1727 658 1800 702 sed
1835 658 1922 702 sine
1956 660 2077 704 dubio
2110 661 2240 704 minus
2274 667 2416 703 ornate
2651 654 2742 705 ‘f-''i-„ff

271 744 431 794 poterat
478 734 571 777 dici.
648 732 878 776 Simillimus
924 742 987 776 est
1029 731 1132 775 alius
1180 731 1380 791 Hippolyti
1428 731 1541 773 locus
1588 747 1622 774 v.
1659 730 1765 786 826,
1812 730 1877 773 ubi
1921 731 2079 776 inversa
2124 733 2279 777 ratione
2323 731 2419 775 dixit
2583 741 2587 745 '
2636 742 2742 768 ι

273 807 403 864 τύχαν
443 806 741 865 βαρύποτμον,
789 820 878 848 cum
918 804 975 848 El.
1014 805 1119 847 301.
1165 803 1345 847 maluerit
1379 804 1510 861 τύχας
1542 796 1741 862 βαρείας.
1810 803 1962 847 Phoen.
2011 805 2149 849 1345:
2198 802 2422 862 ξυμφορᾶς
2717 788 2742 808 ‘⁵

268 879 689 941 βαρυποτμωτάτας.
714 879 764 923 cl.
790 878 942 923 Aesch.
968 878 1045 938 Ag.
1077 878 1213 923 1136:
1253 876 1515 933 κακόποτμοι
1536 875 1671 934 τύχαι.
1700 901 1752 907 -
1789 875 1874 936 lph.
1899 875 1987 921 Aul.
2024 876 2116 924 919
2149 875 2416 938 ὑψηλόφρων

270 953 411 1010 θυμός
424 963 487 997 est
505 954 660 997 animus
679 953 941 1014 superbiens3
966 952 1058 1012 lrgt.
1080 953 1189 995 364:
1211 951 1507 1009 γυναικόφρων
1524 950 1673 1007 θυμός.
1708 951 1855 1000 Aesch.
1875 949 2015 1010 Suppl.
2033 952 2113 996 53:
2136 951 2416 1011 σιῶγρόφρων

270 1027 420 1082 θυμός.
466 1027 626 1070 Heracl.
654 1027 763 1071 387:
800 1025 1092 1084 φρονημάτων
1115 1025 1413 1082 ύπερφρόνων.
1457 1024 1558 1068 Med.
1588 1025 1693 1067 176:
1725 1023 1988 1083 βαρύθυμος
2007 1025 2133 1083 ὀργή.
2166 1027 2252 1068 lon.
2281 1025 2416 1068 1207:

268 1102 604 1158 φοινικοσκελεῖς·
639 1100 793 1158 χηλάς.
861 1100 951 1157 l'rgt.
983 1098 1093 1141 862:
1144 1097 1394 1153 αἱματωπὸν
1428 1096 1556 1153 ὄμμα.
1620 1097 1817 1157 Imprimis
1850 1106 1983 1141 autem
2018 1098 2216 1142 adiectiva
2255 1114 2278 1141 a
2314 1113 2414 1141 voce

267 1172 404 1222 καλός
435 1172 625 1226 derivata,
660 1188 764 1232 quae
800 1173 838 1215 in
874 1169 1030 1215 deliciis
1065 1169 1255 1214 habuisse
1285 1170 1511 1230 Euripidem
1546 1170 1683 1213 docuit
1706 1168 1955 1215 Schirlitzius
1990 1171 2062 1226 (de
2097 1187 2273 1215 sermon.
2310 1178 2412 1229 trag.

270 1263 344 1307 per
374 1247 466 1290 Eur.
499 1246 732 1289 increment.
769 1261 835 1304 pg.
863 1245 959 1297 43.)
996 1258 1197 1303 persaepe
1231 1243 1281 1285 ita
1318 1243 1515 1302 leguntur,
1550 1253 1590 1287 ut
1624 1244 1893 1287 tantummodo
1930 1244 2075 1303 prioris
2109 1244 2273 1288 membri
2308 1244 2416 1286 notio

270 1321 320 1365 ad
348 1320 422 1364 loci
447 1335 611 1363 sensum
635 1319 883 1362 adhibeatur.
932 1317 1079 1360 'l'roasL
1107 1317 1215 1360 860:
1255 1316 1535 1374 καλλιφεγγὲς
1555 1317 1686 1366 σέλας
1706 1334 1728 1360 a
1763 1317 1930 1377 simplici
1966 1316 2099 1367 καλός·
2130 1317 2219 1360 nihil
2254 1317 2416 1360 omnino

271 1395 404 1436 distat.
448 1394 569 1435 Andr.
608 1393 743 1435 1155:
793 1392 933 1446 δέμας
970 1391 1016 1432 τὸ
1049 1390 1349 1446 καλλίμορφυν.
1418 1391 1569 1432 Phoen.
1597 1390 1705 1433 645:
1737 1390 2052 1444 καλλιπόταμος
2082 1390 2202 1438 νότις.
2268 1390 2415 1432 Troad,

274 1467 413 1509 1194:
464 1465 724 1522 καλλίπηχυς
752 1463 963 1522 βραχίων,
998 1479 1169 1522 quocum
1213 1462 1301 1505 licet
1342 1463 1526 1505 conferre
1557 1462 1765 1506 Chaerem.
1797 1462 1962 1506 Oineus.
1996 1463 2069 1520 frg.
2105 1463 2226 1516 14,7:
2282 1461 2417 1504 καλλι-

265 1554 418 1598 χειρες
443 1538 613 1582 ὠλέναι.
653 1564 704 1569 —-
743 1536 875 1581 Monet
911 1546 1040 1580 tamen
1066 1535 1313 1580 Schirlitzius
1350 1535 1372 1580 1.
1411 1535 1433 1578 Ι.
1471 1552 1538 1595 pg.
1565 1535 1638 1590 95,
1673 1536 1890 1580 cavendum
1925 1552 2019 1580 esse
2055 1551 2103 1580 ne
2139 1536 2175 1578 in
2212 1534 2257 1579 iis
2291 1535 2431 1579 abun?

272 1614 445 1657 (lantiam
490 1622 712 1656 statuamus
754 1612 902 1667 inesse,
943 1627 1046 1670 quae
1088 1625 1233 1668 reapse
1274 1610 1402 1652 aliena
1443 1619 1534 1652 sunt
1573 1610 1624 1652 ab
1666 1610 1769 1652 inani
1810 1610 2071 1663 abundantiag
2106 1610 2218 1652 cuius
2260 1609 2316 1652 rei
2351 1624 2416 1651 ex-

273 1687 446 1746 emplum
481 1687 596 1729 allert
631 1686 715 1744 lph.
743 1687 787 1726 A.
820 1686 955 1728 1080:
990 1684 1245 1738 καλλικόμας
1268 1683 1496 1737 πλόκαμος.
1542 1683 1587 1724 Et
1612 1698 1654 1724 re
1691 1699 1780 1725 vera
1815 1684 1848 1724 si
1885 1682 2096 1741 diligenter
2130 1682 2415 1740 perpendimus
2730 1685 2742 1714 Α

272 1760 519 1818 singularum
552 1759 757 1802 notionum
783 1758 871 1810 vim,
907 1774 1004 1800 voce
1038 1757 1146 1814 κόμη
1185 1755 1352 1815 capillus
1388 1755 1646 1814 significatur,
1683 1766 1879 1814 quatenus
1915 1756 2035 1814 capiti
2072 1754 2244 1797 humano
2279 1753 2415 1797 decori

274 1843 336 1876 est
367 1842 404 1875 et
440 1840 674 1874 ornamento
710 1832 779 1884 (cs.
818 1831 863 1874 Η.
892 1829 1072 1872 Schmidt
1108 1830 1364 1887 synonymica
1400 1845 1533 1886 graec.
1573 1837 1651 1870 tom
1688 1830 1717 1872 l.
1754 1845 1821 1888 pg.
1861 1829 1985 1882 382),
2019 1828 2240 1883 πλόκαμος
2271 1835 2414 1881 autem,

274 1922 364 1949 cum
389 1908 439 1948 sit
480 1906 702 1956 cincinnus,
737 1904 786 1946 ad
823 1912 998 1946 exterum
1045 1902 1174 1962 capilli
1221 1903 1409 1956 habitum,
1444 1902 1660 1961 praecipue
1694 1902 1949 1944 artificiosum
1985 1909 2158 1961 spectat.
2220 1903 2417 1955 Attamen,

276 1994 515 2037 quamquam
564 1976 832 2019 confitendum
877 1976 960 2032 erit,
1004 1992 1081 2018 non
1124 1991 1293 2034 prorsus
1335 1975 1502 2016 eandem
1545 1975 1698 2032 utrique
1741 1975 1889 2018 notioni
1933 1975 2008 2016 vim
2049 1990 2142 2017 esse
2184 1973 2417 2026 subiectam,

276 2069 354 2095 non
404 2068 569 2110 possum
619 2051 861 2104 concedere,
908 2066 1062 2092 omnem
1110 2049 1186 2092 loci
1231 2049 1512 2092 abundantiam
1554 2065 1815 2103 evanescere3
1877 2050 1996 2091 in‘nno
2039 2065 2088 2091 ne
2129 2048 2216 2106 ipse
2258 2046 2416 2106 quidem

274 2126 485 2184 Euripides
519 2125 720 2183 propriam
752 2123 997 2182 singulorum
1029 2123 1313 2165 vocabulorum
1345 2124 1417 2164 vim
1448 2123 1561 2165 anxie
1591 2123 1764 2165 aurificis
1796 2132 1943 2166 statera
1977 2123 2130 2165 videtur
2154 2121 2418 2173 examinasse,

277 2199 425 2258 quippe
460 2199 524 2257 qui
561 2213 700 2240 omnes
737 2199 818 2239 sere
854 2197 1051 2249 notiones,
1085 2212 1187 2253 quae
1223 2196 1406 2254 capillum
1442 2196 1679 2254 significant,
1714 2197 1814 2239 inter
1849 2213 1893 2239 se
1930 2197 2173 2254 coniungere
2197 2210 2274 2236 non
2305 2194 2418 2236 dubi·
2723 2214 2742 2266 ιχ

277 2271 428 2315 taverit.
478 2270 599 2313 Bach.
634 2271 735 2312 112:
775 2268 1059 2325 λευκοτρίχων
1086 2269 1329 2323 πλοκάμων.
1356 2270 1403 2311 cl'.
1442 2269 1590 2312 Phoen.
1619 2270 1728 2314 308:
1764 2269 2021 2327 βοστρύχων
2055 2283 2100 2310 τε
2133 2266 2417 2323 κυανόχρωτα

270 2345 427 2402 χαίτας
457 2344 688 2397 πλόκαμον.
735 2343 816 2400 lph.
844 2342 930 2383 Aul.
961 2342 1096 2383 1437:
1148 2341 1364 2396 πλόκαμον
1399 2342 1550 2398 τριχός.
1596 2343 1653 2385 El.
1680 2342 1789 2386 515:
1835 2342 1990 2400 Zae'rſs·
2016 2340 2299 2400 βοστρύχους.
2336 2339 2415 2382 ibd.

276 2419 380 2461 520.
434 2418 539 2461 527.
620 2417 759 2475 Neque
809 2415 923 2458 aliter
975 2415 1226 2457 iudicandum
1278 2416 1352 2458 erit
1404 2416 1453 2457 (fle
1505 2416 1642 2472 altero,
1687 2431 1804 2476 quem
1851 2414 2097 2458 Schirlitzius
2150 2412 2276 2466 affert,
2330 2411 2418 2456 loco

278 2492 350 2549 l'rg.
375 2491 456 2534 53:
510 2489 832 2545 περισσόμυθος
863 2489 1000 2543 λόγος.

371 2565 485 2616 Quae
519 2563 639 2606 modo
681 2562 906 2606 enumeravi
948 2563 1143 2605 adiectiva
1179 2572 1290 2606 erant
1324 2563 1544 2606 attributiva
1580 2565 1650 2617 (cl'.
1678 2564 1796 2607 Curtii
1831 2581 1889 2623 gr.
1918 2580 1977 2621 gr.
2014 2579 2083 2622 pg.
2113 2560 2240 2615 195);
2276 2560 2417 2604 eadem

278 2654 372 2681 vero
403 2638 642 2680 abundantia
676 2653 753 2680 non
784 2653 874 2680 raro
905 2636 1078 2680 cernitur
1112 2636 1147 2678 in
1184 2636 1508 2680 determinativis.
1558 2638 1640 2680 Ale.
1676 2638 1783 2681 906:
1813 2637 2027 2692 μονόπαις
2057 2634 2190 2690 κόρος·
2219 2632 2322 2676 lilius
2356 2641 2422 2676 est

277 2711 431 2753 unicus.
479 2711 562 2769 lph.
588 2710 633 2753 Τ.
666 2710 800 2753 1325:
850 2709 1082 2766 ἀγχίπλους
1113 2709 1260 2764 πόρος.
1295 2711 1385 2768 frgt.
1421 2710 1565 2770 adesp:
1589 2712 1697 2754 458:
1749 2707 2073 2767 πυκνοςῐθαλμοὲ
2104 2707 2243 2763 κόραι.
2291 2707 2417 2750 Porro
2551 2766 2556 2769 ἡ
2715 2759 2720 2762 Α

274 2784 330 2826 ΕΙ.
368 2785 504 2827 1172ε
556 2783 725 2841 μητρὸς
761 2783 983 2839 νεοφόνοις
1021 2781 1066 2824 ἐν
1107 2781 1252 2838 αἷμασι
1287 2783 1563 2840 πεφυρμένοι,
1606 2800 1693 2826 cum
1735 2783 1838 2839 αἷμα
1882 2790 2046 2842 propter
2085 2780 2257 2824 additam
2300 2794 2418 2838 prae·
2705 2801 2742 2824 ·ι

274 2858 511 2915 positionem
548 2873 620 2914 per
655 2858 931 2913 metonymiam
967 2857 1154 2913 explicari
1191 2857 1336 2898 debeat
1377 2857 1587 2912 ,caedes⁶
1629 2857 1720 2898 nihil
1757 2857 1862 2898 aliud
1898 2864 1959 2897 est
1995 2853 2067 2896 nisi
2108 2868 2239 2910 ‚nova
2274 2852 2413 2894 matris
