2742 3437
1363 181 1421 224 14

312 339 440 385 Palat.
480 338 571 383 XV.
601 339 780 385 26.--17.
802 338 930 387 Bacb.
959 337 1062 383 139:
1109 325 1363 396 ὠμοφάγος,
1374 336 1508 395 χάρις
1537 361 1588 381 =
1614 352 1661 396 χ.
1684 316 1911 398 γενομένῂ.
1930 343 1996 398 τῷ
2022 341 2177 401 partae
2208 338 2460 402 ‘34‘de
2540 320 2545 342 ⁵
2721 351 2742 367 ν.

310 413 419 457 dium
464 412 574 473 quod
608 411 651 456 fit
682 413 809 458 cruda
841 411 1088 459 devorando.
1154 412 1247 471 frgt.
1273 411 1385 456 475:
1433 411 1663 469 ὠμοφάγοι
1682 412 1850 466 δαῖτες,
1871 415 2026 472 ,epulae
2057 429 2165 476 quae
2198 414 2296 460 flunt
2326 413 2457 461 crud·

311 486 560 542 devorando,
599 486 746 546 epulae
788 486 914 531 cruda
946 484 1198 530 devorantis:
1245 485 1314 546 qui
1348 485 1509 546 quidem
1544 484 1657 529 locus
1690 501 1783 530 cum
1815 486 1916 531 satis
1950 487 2188 535 defend-tur
2220 487 2314 546 illo,
2336 473 2464 548 quem

312 560 435 606 modo
480 560 612 619 posui,
650 560 900 605 Baccharum
945 574 1077 614 versu,
1122 574 1200 603 non
1241 574 1347 620 opus
1386 567 1462 614 est,
1500 566 1543 603 ut
1580 558 1806 604 scribamus
1843 569 2193 621 proparoxytonos
2231 560 2459 621 ὠμόφαγοι

311 635 459 684 δαῖτες
488 659 539 677 =
574 634 718 693 epulae
762 633 885 677 crude
925 633 1157 677 devoratae.
1193 657 1249 666 -—
1286 632 1406 677 Herc.
1437 633 1512 677 fur.
1549 632 1689 678 1154:
1744 633 2017 678 τεκνοκτόνον
2042 635 2200 692 udam-3
2233 635 2284 681 cf.
2308 635 2457 681 Aescli.

312 708 428 754 Eum.
465 709 575 753 281:
626 707 918 767 μητροκτόνον
960 706 1144 763 μίασμα.
1216 706 1302 764 lph.
1335 706 1380 750 Τ.
1416 707 1553 750 1200:
1601 705 1723 765 κηλὶς
1751 706 2062 766 μητροκτόνοςς
2112 709 2195 755 ibd.
2226 709 2336 754 384:
2382 711 2458 752 θυ-

313 781 427 831 σίαις
456 780 766 841 βροτοκτόνοις.
813 780 901 825 Alc.
933 780 1069 825 1156:
1109 780 1360 840 βουθύτοισι
1393 773 1685 835 προς-τροπαῖς
1703 803 1755 822 =
1771 793 1816 823 π’.
1838 779 2092 836 γενομέναις
2122 784 2188 840 τῷ
2215 782 2458 843 βουθυτεῖν,

314 854 689 914 supplicationibus,
731 869 836 914 quae
871 853 967 898 fiunt
1001 854 1121 898 boum
1176 852 1460 898 immolatione.
1516 851 1677 898 Heracl.
1715 853 1825 897 777:
1874 851 2149 907 πολύθυσ-τος·
2189 856 2289 913 τιμά
2331 856 2461 900 bonor

315 930 381 990 qui
427 928 560 972 multis
604 928 734 972 sacris
778 928 1003 989 peragitur;
1052 929 1103 972 cf.
1134 927 1277 971 Aesch.
1315 924 1459 985 Suppl.
1492 927 1605 972 705:
1662 925 1913 987 βουθύτοισι
1955 930 2104 984 τιμαῖς.
2171 929 2324 978 Phoen.
2350 929 2459 974 347:

312 1001 613 1060 λουτροφόρου
641 1003 796 1059 χλιδᾶς
816 1027 865 1043 =
882 1002 951 1059 χλ.
975 1001 1212 1060 γενομένης
1242 1003 1306 1058 τῷ
1337 1001 1659 1059 λουτροφορεῖν.
1696 1025 1751 1032 --
1788 1001 1846 1045 Cf.
1872 1000 2050 1045 Lobeck.
2085 1003 2137 1046 ad
2172 1003 2283 1048 Aiac.
2308 1020 2347 1048 v.
2370 1003 2460 1047 324

313 1092 381 1134 pg.
407 1077 498 1119 227
534 1091 652 1135 seqq.

408 1148 590 1193 Vidimus
634 1149 753 1209 igitur
792 1148 867 1192 tria
906 1148 1157 1206 potissimum
1202 1155 1363 1191 exstare
1397 1162 1548 1206 genera
1580 1146 1881 1201 adiectivorum,
1925 1162 2030 1205 quae
2064 1147 2104 1190 in
2138 1149 2296 1208 genitivi
2332 1148 2461 1192 locum

313 1224 560 1267 invaserunt.
628 1223 800 1266 Primum
841 1237 971 1282 genus
1013 1229 1077 1266 est
1115 1237 1268 1276 eorum,
1310 1236 1415 1281 quae
1459 1220 1674 1281 genitivum
1718 1219 1955 1278 expulerunt
1992 1228 2061 1265 aut
2099 1221 2361 1268 subiectivum
2394 1229 2463 1266 aut

313 1298 576 1354 obiectivum3
633 1296 798 1341 alterius
843 1296 1005 1357 generis
1045 1295 1239 1340 adiectiva
1285 1302 1397 1339 recte
1438 1294 1628 1353 explicari
1663 1310 1741 1339 non
1775 1302 1974 1354 poterunt,
2007 1294 2084 1339 nisi
2117 1295 2317 1357 integrum
2352 1312 2463 1341 com·

314 1372 490 1429 positum
530 1372 716 1428 posueris
755 1380 822 1414 aut
861 1371 1035 1430 genitivo
1077 1370 1253 1412 infinitivi
1293 1378 1361 1412 aut
1401 1383 1500 1411 casu
1539 1369 1772 1426 praedicati,
1805 1368 1989 1427 suppleto
2023 1367 2214 1413 infinitivo
2250 1372 2323 1413 τοῦ
2358 1368 2463 1414 εἶναι

315 1444 376 1489 vel
427 1446 503 1488 τοῦ
545 1444 769 1500 γενέσθαι;
819 1444 976 1487 tertium
1021 1443 1195 1501 denique
1239 1459 1368 1501 genus
1413 1443 1465 1485 ita
1511 1442 1693 1486 facillime
1738 1443 1944 1499 expedias,
1987 1451 2029 1484 ut
2072 1443 2245 1485 dativum
2290 1444 2464 1486 infinitivi

314 1517 495 1577 pendere
528 1517 655 1563 facias
689 1532 737 1561 ex
772 1515 982 1575 participio
1016 1515 1257 1573 γενόμενος.
1305 1515 1554 1575 Quamquam
1588 1524 1720 1560 autem
1756 1516 1822 1575 qui
1856 1524 2046 1560 accurate
2079 1516 2226 1575 singuli
2261 1517 2336 1561 loci
2370 1533 2465 1560 sen-

314 1592 477 1635 tentiam
519 1591 753 1649 perspicere
794 1590 941 1643 studet,
982 1589 1090 1633 nullo
1133 1588 1295 1649 negotio
1336 1596 1572 1649 cognoscet,
1613 1588 1772 1633 cuinam
1806 1588 1957 1648 speciei
1991 1588 2192 1649 singulum
2226 1589 2464 1650 adjectivum

314 1673 426 1708 recte
465 1664 731 1716 adscribatur,
772 1672 904 1705 tamen
946 1662 1149 1704 fatendum
1187 1662 1274 1714 erit,
1309 1662 1506 1704 interdum
1542 1677 1620 1704 non
1655 1663 1755 1704 satis
1788 1662 1926 1704 firmos
1960 1677 2055 1705 esse
2088 1662 2204 1704 trium
2239 1662 2465 1719 specierum

315 1736 432 1781 fines.
503 1736 641 1780 Potest
682 1735 787 1779 enim
828 1734 927 1788 lieri,
970 1743 1012 1778 ut
1045 1734 1186 1778 merito
1227 1733 1316 1793 quis
1359 1738 1535 1790 haereat,
1580 1734 1737 1778 cuinam
1781 1735 1921 1794 generi
1960 1734 2198 1779 adiectivum
2239 1736 2466 1793 subiungat,

316 1825 406 1852 cum
447 1808 606 1851 duobus
646 1807 707 1851 vel
742 1807 868 1849 tribus
906 1807 993 1864 pari
1034 1807 1121 1851 iure
1154 1806 1408 1850 adnumerari
1442 1806 1584 1864 possit.
1631 1805 1849 1862 (Scbirlitz.
1875 1806 1901 1852 l.
1926 1806 1951 1853 Ι.
1976 1822 2047 1866 pg.
2070 1807 2167 1862 97.)
2213 1805 2281 1851 Sic
2315 1823 2379 1853 ex.
2401 1824 2464 1866 gr.

316 1882 436 1925 Herc.
464 1882 539 1923 fur.
572 1881 710 1924 1155:
761 1879 1031 1922 τεκνοκτόνον
1060 1880 1202 1935 μύσος
1232 1888 1367 1937 potest
1400 1896 1494 1924 esse
1528 1882 1590 1924 vel
1619 1880 1762 1936 μύσος
1791 1880 2065 1925 τεκνοκτόνου
2100 1880 2160 1925 vel
2190 1896 2238 1937 μ.
2264 1882 2339 1924 τοῦ
2362 1877 2467 1924 εἶναι

318 1955 591 1999 τεκνοκτόνον
635 1953 695 1998 vel
724 1968 771 2008 μ.
806 1953 1037 2010 γενόμενον
1070 1957 1133 2010 τῷ
1167 1953 1339 1997 κτείνειν
1373 1955 1424 1997 τὰ
1458 1954 1599 1998 τέκνα.
1652 1954 1892 2013 Plerumque
1925 1970 2021 1998 vero
2055 1955 2121 2014 qui
2165 1954 2377 2014 diligenter
2408 1954 2469 1996 in-

318 2029 476 2086 dagabit
510 2035 650 2086 poetae
685 2028 931 2085 sententiam,
973 2026 1178 2088 intelleget
1217 2027 1501 2087 aliquantulum
1541 2028 1783 2072 discriminis
1822 2028 1925 2072 inter
1963 2028 2144 2088 singulas
2184 2027 2468 2086 explicationes

319 2103 583 2158 intercedere,
623 2102 733 2160 quod
774 2109 907 2146 tamen
946 2100 1100 2145 facilius
1129 2101 1416 2159 persentiscas‚
1441 2118 1559 2161 quam
1584 2101 1717 2145 verbis
1741 2102 1954 2159 exprimas.
1991 2101 2090 2146 Vide
2113 2118 2218 2162 quae
2242 2101 2361 2145 modo
2385 2101 2472 2144 dis-

317 2177 541 2234 putavimus
575 2176 625 2218 de
660 2175 765 2217 lonis
801 2191 836 2217 v.
873 2174 979 2218 664.
1023 2199 1072 2206 -

413 2320 473 2364 lll.
525 2319 718 2379 Sequitur
747 2327 788 2363 ut
816 2319 866 2363 de
896 2319 943 2362 iis
972 2319 1257 2364 adiectivorum
1280 2321 1332 2364 ad
1356 2321 1602 2364 substantiva
1625 2321 1946 2378 adpositionibus
1969 2321 2180 2368 disseram,
2204 2335 2305 2378 quas
2329 2318 2472 2378 hypal-

320 2395 434 2454 lages
488 2408 593 2453 quae
644 2393 788 2437 dicitur
843 2392 970 2452 ligura
1013 2392 1145 2436 solent
1189 2393 1404 2451 explicare.
1486 2391 1790 2452 Saepenumero
1835 2394 1940 2438 enim
1984 2395 2038 2447 lit,
2083 2400 2124 2436 ut
2167 2392 2387 2449 scriptores
2432 2399 2472 2436 et

318 2468 457 2528 graeci
501 2475 541 2510 et
586 2467 695 2510 latini
737 2466 932 2511 adiectiva
967 2482 1045 2510 non
1080 2467 1115 2509 ei
1151 2477 1370 2524 apponant,
1403 2468 1455 2510 ad
1489 2482 1610 2527 quem
1644 2467 1806 2525 proprie
1841 2467 2052 2511 referenda
2087 2474 2193 2520 sunt,
2226 2464 2337 2508 casui
2372 2479 2474 2523 pen-

319 2541 441 2587 denti.
475 2540 550 2585 sed
578 2538 718 2584 malint
752 2556 842 2584 cum
877 2540 1066 2598 primario
1100 2541 1233 2598 potius
1267 2557 1367 2585 casu
1401 2541 1608 2598 copulare.
1653 2541 1850 2597 Imprimis
1883 2550 2015 2584 autem
2038 2540 2198 2591 Graeci,
2239 2554 2318 2598 qua
2360 2546 2473 2581 erant

319 2614 506 2659 facilitate
550 2614 589 2657 in
630 2612 900 2671 compluribus
945 2613 1174 2658 notionibus
1213 2614 1265 2658 ad
1310 2614 1620 2659 constructionis
1667 2614 1854 2658 unitatem
1899 2612 2229 2672 complectendis,
2270 2610 2470 2669 multiplici

316 2689 504 2733 favebant
526 2687 615 2731 talis
638 2687 885 2732 traiectionis
921 2688 1032 2747 usui;
1068 2689 1117 2732 cf.
1144 2688 1391 2749 Bernhardyi
1426 2698 1530 2748 synt.
1565 2704 1702 2749 graec.
1728 2704 1796 2749 pg.
1823 2689 1927 2733 4⁴26.
1976 2689 2155 2748 Cumque
2188 2685 2295 2743 apud
2330 2700 2471 2729 omnes

320 2763 496 2806 omnium
541 2771 765 2820 temporum
810 2762 1032 2820 scriptores
1076 2778 1251 2822 graecos
1296 2771 1360 2807 sat
1404 2763 1525 2807 multa
1567 2762 1815 2807 inveniantur
1858 2763 2054 2820 exempla,
2089 2762 2126 2805 in
2161 2759 2315 2804 deliciis
2349 2759 2472 2805 fuisse

320 2837 426 2881 hanc
470 2836 736 2894 epithetorum
779 2837 1133 2895 transpositionem
1168 2837 1380 2881 triumviris
1414 2837 1585 2897 tragicis
1619 2837 1681 2880 vix
1714 2845 1776 2881 est
1810 2838 1918 2895 qnod
1954 2837 2154 2880 miremur.
2222 2833 2402 2893 Namque
2438 2835 2472 2877 si

320 2911 398 2954 iam
432 2911 778 2968 circumspicimus
812 2911 1076 2955 transferendi
1111 2927 1271 2961 causas,
1305 2911 1407 2954 duas
1441 2910 1694 2969 potissimum
1729 2910 1991 2954 inveniemus.
2039 2909 2088 2953 cf.
2116 2908 2151 2952 .l.
2175 2906 2358 2951 Schmidt
2393 2906 2419 2952 l.
2445 2906 2471 2951 l.
