<?xml version="1.0" encoding="UTF-8"?>
<!DOCTYPE html PUBLIC "-//W3C//DTD XHTML 1.0 Transitional//EN"
    "http://www.w3.org/TR/xhtml1/DTD/xhtml1-transitional.dtd">
<html xmlns="http://www.w3.org/1999/xhtml" xml:lang="en" lang="en">
 <head>
  <title>
</title>
<meta http-equiv="Content-Type" content="text/html;charset=utf-8" />
  <meta name='ocr-system' content='tesseract 3.04.00' />
  <meta name='ocr-capabilities' content='ocr_page ocr_carea ocr_par ocr_line ocrx_word'/>
</head>
<body>
  <div class='ocr_page' id='page_1' title='image "4768892_0021.png"; bbox 0 0 2742 3437; ppageno 0'>
   <div class='ocr_carea' id='block_1_1' title="bbox 0 0 656 398">
    <p class='ocr_par' dir='ltr' id='par_1_1' title="bbox 0 0 656 398">
     <span class='ocr_line' id='line_1_1' title="bbox 0 0 656 398; baseline 0 0"><span class='ocrx_word' id='word_1_1' title='bbox 0 0 656 398; x_wconf 95' lang='lat' dir='ltr'>  </span> 
     </span>
    </p>
   </div>
   <div class='ocr_carea' id='block_1_2' title="bbox 1342 133 1399 177">
    <p class='ocr_par' dir='ltr' id='par_1_2' title="bbox 1342 133 1399 177">
     <span class='ocr_line' id='line_1_2' title="bbox 1342 133 1399 177; baseline 0.018 -1"><span class='ocrx_word' id='word_1_2' title='bbox 1342 133 1399 177; x_wconf 81' lang='lat'>¹5</span> 
     </span>
    </p>
   </div>
   <div class='ocr_carea' id='block_1_3' title="bbox 189 277 2441 423">
    <p class='ocr_par' dir='ltr' id='par_1_3' title="bbox 189 277 2441 423">
     <span class='ocr_line' id='line_1_3' title="bbox 189 277 2440 358; baseline 0.003 -29"><span class='ocrx_word' id='word_1_3' title='bbox 189 294 206 305; x_wconf 72' lang='lat'>‘·</span> <span class='ocrx_word' id='word_1_4' title='bbox 232 304 236 311; x_wconf 66' lang='grc'><strong>’</strong></span> <span class='ocrx_word' id='word_1_5' title='bbox 260 308 371 358; x_wconf 48' lang='grc' dir='ltr'>με,</span> <span class='ocrx_word' id='word_1_6' title='bbox 389 277 721 345; x_wconf 47' lang='grc' dir='ltr'>ρΞ“,Ῐ,Ωιιατιηῃ</span> <span class='ocrx_word' id='word_1_7' title='bbox 754 306 845 336; x_wconf 88' lang='lat' dir='ltr'>cum</span> <span class='ocrx_word' id='word_1_8' title='bbox 883 291 1010 340; x_wconf 80' lang='lat' dir='ltr'>altera</span> <span class='ocrx_word' id='word_1_9' title='bbox 1049 292 1087 336; x_wconf 90' lang='lat' dir='ltr'>in</span> <span class='ocrx_word' id='word_1_10' title='bbox 1112 307 1178 336; x_wconf 51' lang='lat' dir='ltr'>¹eo</span> <span class='ocrx_word' id='word_1_11' title='bbox 1216 298 1409 341; x_wconf 75' lang='lat' dir='ltr'><strong>versetur,</strong></span> <span class='ocrx_word' id='word_1_12' title='bbox 1445 290 1554 350; x_wconf 89' lang='lat' dir='ltr'>quod</span> <span class='ocrx_word' id='word_1_13' title='bbox 1587 305 1709 334; x_wconf 89' lang='lat' dir='ltr'>casus</span> <span class='ocrx_word' id='word_1_14' title='bbox 1743 290 1924 348; x_wconf 87' lang='lat' dir='ltr'>pendens</span> <span class='ocrx_word' id='word_1_15' title='bbox 1957 284 2050 334; x_wconf 35' lang='lat' dir='ltr'>cum*</span> <span class='ocrx_word' id='word_1_16' title='bbox 2079 292 2238 348; x_wconf 87' lang='lat' dir='ltr'>nomine</span> <span class='ocrx_word' id='word_1_17' title='bbox 2268 300 2440 353; x_wconf 78' lang='lat' dir='ltr'>regente</span> 
     </span>
     <span class='ocr_line' id='line_1_4' title="bbox 194 365 2441 423; baseline 0.002 -17"><span class='ocrx_word' id='word_1_18' title='bbox 194 373 203 382; x_wconf 73' lang='lat'><strong>¹</strong></span> <span class='ocrx_word' id='word_1_19' title='bbox 235 400 238 402; x_wconf 64' lang='grc'>,</span> <span class='ocrx_word' id='word_1_20' title='bbox 281 369 363 415; x_wconf 66' lang='grc' dir='ltr'>’.ἆ</span> <span class='ocrx_word' id='word_1_21' title='bbox 373 366 558 423; x_wconf 57' lang='lat' dir='ltr'>„tionis</span> <span class='ocrx_word' id='word_1_22' title='bbox 589 367 779 409; x_wconf 70' lang='lat' dir='ltr'>unitatem</span> <span class='ocrx_word' id='word_1_23' title='bbox 811 367 1009 418; x_wconf 57' lang='lat' dir='ltr'>mutescit,</span> <span class='ocrx_word' id='word_1_24' title='bbox 1029 368 1350 410; x_wconf 40' lang='lat' dir='ltr'>‘consentaneum</span> <span class='ocrx_word' id='word_1_25' title='bbox 1384 371 1456 417; x_wconf 82' lang='lat' dir='ltr'>est,</span> <span class='ocrx_word' id='word_1_26' title='bbox 1494 371 1576 407; x_wconf 89' lang='lat' dir='ltr'>tum</span> <span class='ocrx_word' id='word_1_27' title='bbox 1610 366 1782 407; x_wconf 80' lang='lat' dir='ltr'>maxime</span> <span class='ocrx_word' id='word_1_28' title='bbox 1813 365 1945 406; x_wconf 85' lang='lat' dir='ltr'>locum</span> <span class='ocrx_word' id='word_1_29' title='bbox 1976 365 2123 408; x_wconf 74' lang='lat' dir='ltr'>habere</span> <span class='ocrx_word' id='word_1_30' title='bbox 2154 366 2441 419; x_wconf 69' lang='lat' dir='ltr'>traiectionen,</span> 
     </span>
    </p>
   </div>
   <div class='ocr_carea' id='block_1_4' title="bbox 0 398 250 514">
    <p class='ocr_par' dir='ltr' id='par_1_4' title="bbox 0 398 250 514">
     <span class='ocr_line' id='line_1_5' title="bbox 0 398 250 514; baseline 0 2923"><span class='ocrx_word' id='word_1_31' title='bbox 0 398 250 514; x_wconf 95' lang='lat' dir='ltr'> </span> 
     </span>
    </p>
   </div>
   <div class='ocr_carea' id='block_1_5' title="bbox 288 437 2439 2553">
    <p class='ocr_par' dir='ltr' id='par_1_5' title="bbox 288 437 2437 722">
     <span class='ocr_line' id='line_1_6' title="bbox 297 437 2437 497; baseline 0.001 -16"><span class='ocrx_word' id='word_1_32' title='bbox 297 439 512 489; x_wconf 58' lang='grc' dir='ltr'>ωιῂιεῑᾶαο</span> <span class='ocrx_word' id='word_1_33' title='bbox 552 437 741 493; x_wconf 72' lang='lat' dir='ltr'>vocabula</span> <span class='ocrx_word' id='word_1_34' title='bbox 784 438 835 483; x_wconf 86' lang='lat' dir='ltr'>de</span> <span class='ocrx_word' id='word_1_35' title='bbox 874 437 1063 483; x_wconf 78' lang='lat' dir='ltr'>industria</span> <span class='ocrx_word' id='word_1_36' title='bbox 1105 452 1178 497; x_wconf 88' lang='lat' dir='ltr'>per</span> <span class='ocrx_word' id='word_1_37' title='bbox 1218 437 1608 482; x_wconf 71' lang='lat' dir='ltr'>circumlocutionem</span> <span class='ocrx_word' id='word_1_38' title='bbox 1648 439 1780 496; x_wconf 76' lang='lat' dir='ltr'>posita</span> <span class='ocrx_word' id='word_1_39' title='bbox 1818 437 1896 481; x_wconf 84' lang='lat' dir='ltr'>siut</span> <span class='ocrx_word' id='word_1_40' title='bbox 1932 438 1982 481; x_wconf 73' lang='lat' dir='ltr'>nd</span> <span class='ocrx_word' id='word_1_41' title='bbox 2013 440 2204 496; x_wconf 81' lang='lat' dir='ltr'>singulam</span> <span class='ocrx_word' id='word_1_42' title='bbox 2236 441 2437 484; x_wconf 78' lang='lat' dir='ltr'>notionem</span> 
     </span>
     <span class='ocr_line' id='line_1_7' title="bbox 288 499 2436 573; baseline -0.001 -13"><span class='ocrx_word' id='word_1_43' title='bbox 288 528 388 560; x_wconf 58' lang='lat' dir='ltr'>eum</span> <span class='ocrx_word' id='word_1_44' title='bbox 410 513 598 572; x_wconf 76' lang='lat' dir='ltr'>gravitate</span> <span class='ocrx_word' id='word_1_45' title='bbox 620 512 790 572; x_wconf 82' lang='lat' dir='ltr'>quadam</span> <span class='ocrx_word' id='word_1_46' title='bbox 824 519 864 556; x_wconf 91' lang='lat' dir='ltr'>et</span> <span class='ocrx_word' id='word_1_47' title='bbox 896 499 1035 556; x_wconf 57' lang='lat' dir='ltr'>ornatu</span> <span class='ocrx_word' id='word_1_48' title='bbox 1069 509 1382 573; x_wconf 79' lang='lat' dir='ltr'>exprimendam.</span> <span class='ocrx_word' id='word_1_49' title='bbox 1424 510 1598 567; x_wconf 65' lang='lat' dir='ltr'>&#39;Fugiens</span> <span class='ocrx_word' id='word_1_50' title='bbox 1631 511 1978 556; x_wconf 43' lang='lat' dir='ltr'>autemxexilitntis</span> <span class='ocrx_word' id='word_1_51' title='bbox 2011 511 2131 556; x_wconf 85' lang='lat' dir='ltr'>dictio</span> <span class='ocrx_word' id='word_1_52' title='bbox 2162 514 2310 571; x_wconf 76' lang='lat' dir='ltr'>tragica</span> <span class='ocrx_word' id='word_1_53' title='bbox 2343 527 2436 557; x_wconf 89' lang='lat' dir='ltr'>eum</span> 
     </span>
     <span class='ocr_line' id='line_1_8' title="bbox 299 580 2437 645; baseline -0 -13"><span class='ocrx_word' id='word_1_54' title='bbox 299 589 354 640; x_wconf 76' lang='lat' dir='ltr'>sit</span> <span class='ocrx_word' id='word_1_55' title='bbox 380 580 638 631; x_wconf 38' lang='lat' dir='ltr'>*creberrima</span> <span class='ocrx_word' id='word_1_56' title='bbox 678 587 716 630; x_wconf 93' lang='lat' dir='ltr'>in</span> <span class='ocrx_word' id='word_1_57' title='bbox 761 586 1010 630; x_wconf 75' lang='lat' dir='ltr'><strong>admittendis</strong></span> <span class='ocrx_word' id='word_1_58' title='bbox 1054 586 1254 629; x_wconf 89' lang='lat' dir='ltr'>hominum</span> <span class='ocrx_word' id='word_1_59' title='bbox 1296 599 1508 643; x_wconf 86' lang='lat' dir='ltr'>rerumque</span> <span class='ocrx_word' id='word_1_60' title='bbox 1552 585 1979 636; x_wconf 86' lang='lat' dir='ltr'>circumlocutionibus,</span> <span class='ocrx_word' id='word_1_61' title='bbox 2021 600 2116 629; x_wconf 81' lang='lat' dir='ltr'>sane</span> <span class='ocrx_word' id='word_1_62' title='bbox 2155 588 2437 645; x_wconf 75' lang='lat' dir='ltr'>amplissimum</span> 
     </span>
     <span class='ocr_line' id='line_1_9' title="bbox 300 657 1770 722; baseline -0.001 -18"><span class='ocrx_word' id='word_1_63' title='bbox 300 661 462 721; x_wconf 74' lang='lat' dir='ltr'>praebet</span> <span class='ocrx_word' id='word_1_64' title='bbox 493 673 687 718; x_wconf 80' lang='lat' dir='ltr'>eampum,</span> <span class='ocrx_word' id='word_1_65' title='bbox 720 661 758 703; x_wconf 89' lang='lat' dir='ltr'>in</span> <span class='ocrx_word' id='word_1_66' title='bbox 794 674 872 718; x_wconf 90' lang='lat' dir='ltr'>quo</span> <span class='ocrx_word' id='word_1_67' title='bbox 904 659 1027 719; x_wconf 85' lang='lat' dir='ltr'><strong>possit</strong></span> <span class='ocrx_word' id='word_1_68' title='bbox 1060 659 1266 718; x_wconf 74' lang='lat' dir='ltr'>exspatiari</span> <span class='ocrx_word' id='word_1_69' title='bbox 1299 657 1503 702; x_wconf 85' lang='lat' dir='ltr'>traiciendi</span> <span class='ocrx_word' id='word_1_70' title='bbox 1538 659 1711 703; x_wconf 87' lang='lat' dir='ltr'>audacia.</span> <span class='ocrx_word' id='word_1_71' title='bbox 1769 719 1770 722; x_wconf 7' lang='grc' dir='ltr'><strong>Ἰ</strong></span> 
     </span>
    </p>

    <p class='ocr_par' dir='ltr' id='par_1_6' title="bbox 297 731 2439 2553">
     <span class='ocr_line' id='line_1_10' title="bbox 375 731 2436 791; baseline -0 -14"><span class='ocrx_word' id='word_1_72' title='bbox 375 736 437 790; x_wconf 18' lang='lat'>⁴1.</span> <span class='ocrx_word' id='word_1_73' title='bbox 488 735 659 777; x_wconf 83' lang='lat' dir='ltr'>Omnem</span> <span class='ocrx_word' id='word_1_74' title='bbox 698 749 791 776; x_wconf 84' lang='lat' dir='ltr'>vero</span> <span class='ocrx_word' id='word_1_75' title='bbox 824 733 875 776; x_wconf 90' lang='lat' dir='ltr'>de</span> <span class='ocrx_word' id='word_1_76' title='bbox 908 748 983 791; x_wconf 90' lang='lat' dir='ltr'>qua</span> <span class='ocrx_word' id='word_1_77' title='bbox 1018 734 1168 790; x_wconf 85' lang='lat' dir='ltr'>agimus</span> <span class='ocrx_word' id='word_1_78' title='bbox 1200 731 1564 775; x_wconf 73' lang='lat' dir='ltr'>transferendorum</span> <span class='ocrx_word' id='word_1_79' title='bbox 1598 733 1877 776; x_wconf 86' lang='lat' dir='ltr'>adiectivorum</span> <span class='ocrx_word' id='word_1_80' title='bbox 1910 733 2107 776; x_wconf 84' lang='lat' dir='ltr'>audaciam</span> <span class='ocrx_word' id='word_1_81' title='bbox 2142 734 2332 790; x_wconf 84' lang='lat' dir='ltr'>originem</span> <span class='ocrx_word' id='word_1_82' title='bbox 2366 734 2436 777; x_wconf 90' lang='lat' dir='ltr'>du-</span> 
     </span>
     <span class='ocr_line' id='line_1_11' title="bbox 299 807 2435 866; baseline -0 -15"><span class='ocrx_word' id='word_1_83' title='bbox 299 822 390 852; x_wconf 80' lang='lat' dir='ltr'>cere</span> <span class='ocrx_word' id='word_1_84' title='bbox 433 807 484 850; x_wconf 90' lang='lat' dir='ltr'>ab</span> <span class='ocrx_word' id='word_1_85' title='bbox 527 807 574 851; x_wconf 85' lang='lat' dir='ltr'>iis</span> <span class='ocrx_word' id='word_1_86' title='bbox 614 807 722 857; x_wconf 86' lang='lat' dir='ltr'>locis,</span> <span class='ocrx_word' id='word_1_87' title='bbox 762 807 903 866; x_wconf 89' lang='lat' dir='ltr'>quibus</span> <span class='ocrx_word' id='word_1_88' title='bbox 942 807 1220 851; x_wconf 84' lang='lat' dir='ltr'>substantivum</span> <span class='ocrx_word' id='word_1_89' title='bbox 1258 820 1399 864; x_wconf 87' lang='lat' dir='ltr'>regens</span> <span class='ocrx_word' id='word_1_90' title='bbox 1432 820 1520 849; x_wconf 92' lang='lat' dir='ltr'>cum</span> <span class='ocrx_word' id='word_1_91' title='bbox 1554 821 1742 865; x_wconf 88' lang='lat' dir='ltr'>suspenso</span> <span class='ocrx_word' id='word_1_92' title='bbox 1777 808 1892 852; x_wconf 90' lang='lat' dir='ltr'>unius</span> <span class='ocrx_word' id='word_1_93' title='bbox 1924 808 1982 852; x_wconf 90' lang='lat' dir='ltr'>rei</span> <span class='ocrx_word' id='word_1_94' title='bbox 2015 808 2213 852; x_wconf 85' lang='lat' dir='ltr'>notionem</span> <span class='ocrx_word' id='word_1_95' title='bbox 2247 808 2435 865; x_wconf 79' lang='lat' dir='ltr'>designat.</span> 
     </span>
     <span class='ocr_line' id='line_1_12' title="bbox 301 881 2435 941; baseline -0 -16"><span class='ocrx_word' id='word_1_96' title='bbox 301 882 447 941; x_wconf 89' lang='lat' dir='ltr'>optime</span> <span class='ocrx_word' id='word_1_97' title='bbox 474 888 640 941; x_wconf 82' lang='lat' dir='ltr'>possunt</span> <span class='ocrx_word' id='word_1_98' title='bbox 672 881 840 939; x_wconf 89' lang='lat' dir='ltr'>probare</span> <span class='ocrx_word' id='word_1_99' title='bbox 874 881 1102 939; x_wconf 78' lang='lat' dir='ltr'>pronomina</span> <span class='ocrx_word' id='word_1_100' title='bbox 1136 881 1362 939; x_wconf 83' lang='lat' dir='ltr'>possessiva,</span> <span class='ocrx_word' id='word_1_101' title='bbox 1396 895 1497 940; x_wconf 82' lang='lat' dir='ltr'>quae</span> <span class='ocrx_word' id='word_1_102' title='bbox 1531 881 1702 938; x_wconf 86' lang='lat' dir='ltr'>legitime</span> <span class='ocrx_word' id='word_1_103' title='bbox 1735 882 2081 925; x_wconf 85' lang='lat' dir='ltr'>accommodantur</span> <span class='ocrx_word' id='word_1_104' title='bbox 2114 883 2256 925; x_wconf 90' lang='lat' dir='ltr'>nomini</span> <span class='ocrx_word' id='word_1_105' title='bbox 2292 882 2435 940; x_wconf 90' lang='lat' dir='ltr'>princi—</span> 
     </span>
     <span class='ocr_line' id='line_1_13' title="bbox 301 954 2434 1015; baseline -0 -17"><span class='ocrx_word' id='word_1_106' title='bbox 301 956 395 1015; x_wconf 77' lang='lat' dir='ltr'>pali3</span> <span class='ocrx_word' id='word_1_107' title='bbox 445 955 493 998; x_wconf 88' lang='lat' dir='ltr'>cl&#39;.</span> <span class='ocrx_word' id='word_1_108' title='bbox 524 954 699 998; x_wconf 86' lang='lat' dir='ltr'>Lobeck.</span> <span class='ocrx_word' id='word_1_109' title='bbox 737 955 795 997; x_wconf 84' lang='lat' dir='ltr'>Ai.</span> <span class='ocrx_word' id='word_1_110' title='bbox 823 956 864 997; x_wconf 86' lang='grc'>7.</span> <span class='ocrx_word' id='word_1_111' title='bbox 900 969 965 1012; x_wconf 86' lang='lat' dir='ltr'>pg.</span> <span class='ocrx_word' id='word_1_112' title='bbox 992 955 1065 998; x_wconf 82' lang='lat'>74.</span> <span class='ocrx_word' id='word_1_113' title='bbox 1100 962 1182 999; x_wconf 84' lang='lat' dir='ltr'>not.</span> <span class='ocrx_word' id='word_1_114' title='bbox 1248 954 1417 996; x_wconf 85' lang='lat' dir='ltr'>Praeivit</span> <span class='ocrx_word' id='word_1_115' title='bbox 1455 956 1551 996; x_wconf 86' lang='lat' dir='ltr'>viam</span> <span class='ocrx_word' id='word_1_116' title='bbox 1585 957 1803 1011; x_wconf 80' lang='lat' dir='ltr'>Homerus3</span> <span class='ocrx_word' id='word_1_117' title='bbox 1853 956 1932 998; x_wconf 90' lang='lat' dir='ltr'>Od.</span> <span class='ocrx_word' id='word_1_118' title='bbox 1959 956 1993 1003; x_wconf 75' lang='grc' dir='ltr'>ξ.</span> <span class='ocrx_word' id='word_1_119' title='bbox 2026 955 2129 998; x_wconf 85' lang='grc'>197;</span> <span class='ocrx_word' id='word_1_120' title='bbox 2181 955 2263 1010; x_wconf 81' lang='grc' dir='ltr'>ἐμὰ</span> <span class='ocrx_word' id='word_1_121' title='bbox 2296 956 2434 1013; x_wconf 75' lang='grc' dir='ltr'><em>κήδεα</em></span> 
     </span>
     <span class='ocr_line' id='line_1_14' title="bbox 300 1025 2439 1086; baseline -0.001 -14"><span class='ocrx_word' id='word_1_122' title='bbox 300 1030 442 1084; x_wconf 80' lang='grc' dir='ltr'><em>θυμοῦ</em></span> <span class='ocrx_word' id='word_1_123' title='bbox 481 1052 531 1069; x_wconf 94' lang='lat'><strong><em>=</em></strong></span> <span class='ocrx_word' id='word_1_124' title='bbox 573 1030 681 1072; x_wconf 76' lang='lat' dir='ltr'>melu</span> <span class='ocrx_word' id='word_1_125' title='bbox 719 1028 980 1085; x_wconf 57' lang='lat' dir='ltr'>bersscnsslelb.</span> <span class='ocrx_word' id='word_1_126' title='bbox 1048 1028 1142 1071; x_wconf 89' lang='lat' dir='ltr'>Eur.</span> <span class='ocrx_word' id='word_1_127' title='bbox 1172 1027 1300 1071; x_wconf 85' lang='lat' dir='ltr'>Andr.</span> <span class='ocrx_word' id='word_1_128' title='bbox 1330 1027 1443 1070; x_wconf 81' lang='lat'>584:</span> <span class='ocrx_word' id='word_1_129' title='bbox 1493 1028 1627 1083; x_wconf 85' lang='grc' dir='ltr'><em>οὑμὸς</em></span> <span class='ocrx_word' id='word_1_130' title='bbox 1660 1028 1712 1070; x_wconf 72' lang='grc' dir='ltr'>δὲ</span> <span class='ocrx_word' id='word_1_131' title='bbox 1749 1028 1783 1084; x_wconf 69' lang='grc' dir='ltr'>γ’</span> <span class='ocrx_word' id='word_1_132' title='bbox 1820 1028 1956 1086; x_wconf 76' lang='grc' dir='ltr'><em>αὐτὴν</em></span> <span class='ocrx_word' id='word_1_133' title='bbox 1990 1025 2124 1086; x_wconf 81' lang='grc' dir='ltr'><em>ἔλαβε</em></span> <span class='ocrx_word' id='word_1_134' title='bbox 2158 1030 2252 1077; x_wconf 85' lang='grc' dir='ltr'><em>παῖς</em></span> <span class='ocrx_word' id='word_1_135' title='bbox 2286 1027 2439 1077; x_wconf 80' lang='grc' dir='ltr'><em>παιδὸς</em></span> 
     </span>
     <span class='ocr_line' id='line_1_15' title="bbox 299 1100 2435 1160; baseline -0.001 -14"><span class='ocrx_word' id='word_1_136' title='bbox 299 1102 449 1160; x_wconf 80' lang='grc' dir='ltr'><em>γέρας,</em></span> <span class='ocrx_word' id='word_1_137' title='bbox 489 1101 556 1145; x_wconf 88' lang='lat' dir='ltr'>ubi</span> <span class='ocrx_word' id='word_1_138' title='bbox 591 1102 693 1151; x_wconf 84' lang='grc' dir='ltr'><em>παῖς</em></span> <span class='ocrx_word' id='word_1_139' title='bbox 722 1100 877 1150; x_wconf 73' lang='grc' dir='ltr'><em>παιδός</em></span> <span class='ocrx_word' id='word_1_140' title='bbox 905 1108 1040 1144; x_wconf 88' lang='lat' dir='ltr'>ornate</span> <span class='ocrx_word' id='word_1_141' title='bbox 1074 1102 1172 1144; x_wconf 85' lang='lat' dir='ltr'>dixit</span> <span class='ocrx_word' id='word_1_142' title='bbox 1203 1116 1275 1159; x_wconf 90' lang='lat' dir='ltr'>pro</span> <span class='ocrx_word' id='word_1_143' title='bbox 1309 1117 1357 1144; x_wconf 93' lang='lat' dir='ltr'>eo</span> <span class='ocrx_word' id='word_1_144' title='bbox 1392 1101 1499 1159; x_wconf 86' lang='lat' dir='ltr'>quod</span> <span class='ocrx_word' id='word_1_145' title='bbox 1533 1103 1731 1159; x_wconf 80' lang='lat' dir='ltr'>tragoedia</span> <span class='ocrx_word' id='word_1_146' title='bbox 1767 1118 1901 1160; x_wconf 87' lang='lat' dir='ltr'>parum</span> <span class='ocrx_word' id='word_1_147' title='bbox 1937 1103 2098 1159; x_wconf 89' lang='lat' dir='ltr'>dignum</span> <span class='ocrx_word' id='word_1_148' title='bbox 2132 1110 2191 1145; x_wconf 90' lang='lat' dir='ltr'>est</span> <span class='ocrx_word' id='word_1_149' title='bbox 2224 1102 2382 1150; x_wconf 79' lang='grc' dir='ltr'><em>υἱωνός.</em></span> <span class='ocrx_word' id='word_1_150' title='bbox 2412 1103 2435 1132; x_wconf 74' lang='lat'>¹¹</span> 
     </span>
     <span class='ocr_line' id='line_1_16' title="bbox 299 1168 2434 1235; baseline -0.001 -15"><span class='ocrx_word' id='word_1_151' title='bbox 299 1175 419 1222; x_wconf 87' lang='lat' dir='ltr'>Bach.</span> <span class='ocrx_word' id='word_1_152' title='bbox 448 1176 587 1221; x_wconf 80' lang='lat'><strong>1327:</strong></span> <span class='ocrx_word' id='word_1_153' title='bbox 640 1175 718 1226; x_wconf 81' lang='grc' dir='ltr'>σὸς</span> <span class='ocrx_word' id='word_1_154' title='bbox 755 1177 855 1226; x_wconf 86' lang='grc' dir='ltr'><em>παῖς</em></span> <span class='ocrx_word' id='word_1_155' title='bbox 884 1176 1046 1227; x_wconf 80' lang='grc' dir='ltr'><em>παιδός.</em></span> <span class='ocrx_word' id='word_1_156' title='bbox 1114 1177 1199 1235; x_wconf 89' lang='lat' dir='ltr'>Iph.</span> <span class='ocrx_word' id='word_1_157' title='bbox 1231 1177 1278 1220; x_wconf 89' lang='lat' dir='ltr'>A.</span> <span class='ocrx_word' id='word_1_158' title='bbox 1307 1176 1418 1221; x_wconf 86' lang='lat'>785:</span> <span class='ocrx_word' id='word_1_159' title='bbox 1472 1168 1597 1232; x_wconf 72' lang='grc' dir='ltr'><em>’ἐμοῖς</em></span> <span class='ocrx_word' id='word_1_160' title='bbox 1630 1175 1788 1219; x_wconf 78' lang='grc' dir='ltr'><em>τέκνων</em></span> <span class='ocrx_word' id='word_1_161' title='bbox 1820 1175 1994 1226; x_wconf 77' lang='grc' dir='ltr'><em>τεκνοις.</em></span> <span class='ocrx_word' id='word_1_162' title='bbox 2061 1175 2208 1219; x_wconf 87' lang='lat' dir='ltr'>Phoen.</span> <span class='ocrx_word' id='word_1_163' title='bbox 2236 1175 2311 1219; x_wconf 87' lang='lat'>30:</span> <span class='ocrx_word' id='word_1_164' title='bbox 2365 1174 2434 1218; x_wconf 75' lang='grc' dir='ltr'><em>τὸν</em></span> 
     </span>
     <span class='ocr_line' id='line_1_17' title="bbox 301 1247 2433 1307; baseline 0 -14"><span class='ocrx_word' id='word_1_165' title='bbox 301 1248 407 1307; x_wconf 86' lang='grc' dir='ltr'><em>ἐμὸν</em></span> <span class='ocrx_word' id='word_1_166' title='bbox 439 1250 604 1294; x_wconf 78' lang='grc' dir='ltr'><em>ὠδίνων</em></span> <span class='ocrx_word' id='word_1_167' title='bbox 639 1249 781 1295; x_wconf 86' lang='grc' dir='ltr'><em>πόνον.</em></span> <span class='ocrx_word' id='word_1_168' title='bbox 839 1252 920 1296; x_wconf 89' lang='lat' dir='ltr'>Ion.</span> <span class='ocrx_word' id='word_1_169' title='bbox 950 1250 1086 1295; x_wconf 84' lang='lat'><strong>1337:</strong></span> <span class='ocrx_word' id='word_1_170' title='bbox 1124 1251 1238 1307; x_wconf 77' lang='grc' dir='ltr'><em>ὁρᾶς</em></span> <span class='ocrx_word' id='word_1_171' title='bbox 1267 1249 1357 1294; x_wconf 71' lang='grc' dir='ltr'>τόδ’</span> <span class='ocrx_word' id='word_1_172' title='bbox 1395 1247 1531 1307; x_wconf 80' lang='grc' dir='ltr'><em>ἄγγος</em></span> <span class='ocrx_word' id='word_1_173' title='bbox 1555 1248 1692 1307; x_wconf 82' lang='grc' dir='ltr'><em>χερὸς</em></span> <span class='ocrx_word' id='word_1_174' title='bbox 1721 1249 1787 1293; x_wconf 74' lang='grc' dir='ltr'><em>ὑπ’</em></span> <span class='ocrx_word' id='word_1_175' title='bbox 1823 1249 2033 1307; x_wconf 72' lang='grc' dir='ltr'><em>ἀγκάλαις</em></span> <span class='ocrx_word' id='word_1_176' title='bbox 2064 1248 2198 1306; x_wconf 82' lang='grc' dir='ltr'><em>ἐμαῖς.</em></span> <span class='ocrx_word' id='word_1_177' title='bbox 2245 1251 2294 1293; x_wconf 78' lang='lat' dir='ltr'>cs.</span> <span class='ocrx_word' id='word_1_178' title='bbox 2323 1250 2433 1293; x_wconf 89' lang='lat' dir='ltr'>Pind.</span> 
     </span>
     <span class='ocr_line' id='line_1_18' title="bbox 301 1321 2434 1383; baseline -0 -16"><span class='ocrx_word' id='word_1_179' title='bbox 301 1324 454 1382; x_wconf 72' lang='lat' dir='ltr'>Olymp.</span> <span class='ocrx_word' id='word_1_180' title='bbox 488 1326 597 1368; x_wconf 87' lang='lat' dir='ltr'><strong>VIII.</strong></span> <span class='ocrx_word' id='word_1_181' title='bbox 623 1325 698 1368; x_wconf 86' lang='lat'>55.</span> <span class='ocrx_word' id='word_1_182' title='bbox 733 1326 855 1368; x_wconf 77' lang='lat' dir='ltr'>Herc,</span> <span class='ocrx_word' id='word_1_183' title='bbox 879 1325 905 1369; x_wconf 78' lang='lat' dir='ltr'>f.</span> <span class='ocrx_word' id='word_1_184' title='bbox 929 1324 1039 1368; x_wconf 80' lang='lat'><strong>468:</strong></span> <span class='ocrx_word' id='word_1_185' title='bbox 1088 1324 1215 1367; x_wconf 75' lang='grc' dir='ltr'><em>πεδία</em></span> <span class='ocrx_word' id='word_1_186' title='bbox 1249 1324 1363 1380; x_wconf 77' lang='grc' dir='ltr'>τάμὰ</span> <span class='ocrx_word' id='word_1_187' title='bbox 1396 1328 1492 1383; x_wconf 81' lang='grc' dir='ltr'><em>γῆς.</em></span> <span class='ocrx_word' id='word_1_188' title='bbox 1526 1325 1578 1369; x_wconf 89' lang='lat' dir='ltr'>cf.</span> <span class='ocrx_word' id='word_1_189' title='bbox 1604 1325 1722 1382; x_wconf 89' lang='lat' dir='ltr'>Soph.</span> <span class='ocrx_word' id='word_1_190' title='bbox 1748 1324 1851 1367; x_wconf 91' lang='lat' dir='ltr'>Oed.</span> <span class='ocrx_word' id='word_1_191' title='bbox 1877 1325 1921 1366; x_wconf 90' lang='lat' dir='ltr'>T.</span> <span class='ocrx_word' id='word_1_192' title='bbox 1952 1323 2089 1367; x_wconf 86' lang='lat'>1400:</span> <span class='ocrx_word' id='word_1_193' title='bbox 2140 1321 2293 1379; x_wconf 75' lang='grc' dir='ltr'><em>τούμὸν</em></span> <span class='ocrx_word' id='word_1_194' title='bbox 2326 1322 2434 1380; x_wconf 85' lang='grc' dir='ltr'><em>αἷμα</em></span> 
     </span>
     <span class='ocr_line' id='line_1_19' title="bbox 299 1396 2434 1454; baseline -0 -13"><span class='ocrx_word' id='word_1_195' title='bbox 299 1398 478 1453; x_wconf 85' lang='grc' dir='ltr'><em>πατρός.</em></span> <span class='ocrx_word' id='word_1_196' title='bbox 542 1399 604 1441; x_wconf 89' lang='grc' dir='ltr'>ΕΙ.</span> <span class='ocrx_word' id='word_1_197' title='bbox 642 1397 778 1441; x_wconf 84' lang='grc' dir='ltr'>139οε</span> <span class='ocrx_word' id='word_1_198' title='bbox 828 1397 984 1452; x_wconf 73' lang='grc' dir='ltr'><em>τούμὸν</em></span> <span class='ocrx_word' id='word_1_199' title='bbox 1021 1402 1194 1454; x_wconf 83' lang='grc' dir='ltr'><em>φρενῶν</em></span> <span class='ocrx_word' id='word_1_200' title='bbox 1235 1396 1414 1453; x_wconf 80' lang='grc' dir='ltr'><em>ὄνειρον.</em></span> <span class='ocrx_word' id='word_1_201' title='bbox 1463 1400 1512 1440; x_wconf 78' lang='lat' dir='ltr'>cf.</span> <span class='ocrx_word' id='word_1_202' title='bbox 1537 1400 1668 1440; x_wconf 84' lang='lat' dir='ltr'>Klotz.</span> <span class='ocrx_word' id='word_1_203' title='bbox 1694 1399 1742 1439; x_wconf 85' lang='lat' dir='ltr'>ad</span> <span class='ocrx_word' id='word_1_204' title='bbox 1776 1399 1860 1440; x_wconf 87' lang='lat' dir='ltr'>Alc.</span> <span class='ocrx_word' id='word_1_205' title='bbox 1886 1398 1994 1440; x_wconf 82' lang='lat'><strong>537.</strong></span> <span class='ocrx_word' id='word_1_206' title='bbox 2061 1399 2246 1441; x_wconf 78' lang='lat' dir='ltr'>Mathiae.</span> <span class='ocrx_word' id='word_1_207' title='bbox 2281 1412 2337 1454; x_wconf 88' lang='lat' dir='ltr'>gr.</span> <span class='ocrx_word' id='word_1_208' title='bbox 2375 1412 2434 1454; x_wconf 88' lang='lat' dir='ltr'>gr.</span> 
     </span>
     <span class='ocr_line' id='line_1_20' title="bbox 300 1470 2436 1529; baseline -0.001 -13"><span class='ocrx_word' id='word_1_209' title='bbox 300 1486 365 1529; x_wconf 79' lang='lat' dir='ltr'>pg.</span> <span class='ocrx_word' id='word_1_210' title='bbox 389 1470 495 1517; x_wconf 88' lang='grc'><strong>835.</strong></span> <span class='ocrx_word' id='word_1_211' title='bbox 562 1472 701 1529; x_wconf 88' lang='lat' dir='ltr'>Neque</span> <span class='ocrx_word' id='word_1_212' title='bbox 739 1486 830 1514; x_wconf 84' lang='lat' dir='ltr'>vero</span> <span class='ocrx_word' id='word_1_213' title='bbox 870 1486 1026 1529; x_wconf 83' lang='lat' dir='ltr'>semper</span> <span class='ocrx_word' id='word_1_214' title='bbox 1063 1472 1267 1515; x_wconf 75' lang='lat' dir='ltr'>traiectum</span> <span class='ocrx_word' id='word_1_215' title='bbox 1308 1487 1395 1515; x_wconf 88' lang='lat' dir='ltr'>esse</span> <span class='ocrx_word' id='word_1_216' title='bbox 1430 1486 1658 1529; x_wconf 88' lang='lat' dir='ltr'>pronomen,</span> <span class='ocrx_word' id='word_1_217' title='bbox 1692 1471 1850 1513; x_wconf 89' lang='lat' dir='ltr'>docebit</span> <span class='ocrx_word' id='word_1_218' title='bbox 1882 1472 1990 1513; x_wconf 91' lang='lat' dir='ltr'>locus</span> <span class='ocrx_word' id='word_1_219' title='bbox 2023 1471 2216 1515; x_wconf 84' lang='lat' dir='ltr'>Androm.</span> <span class='ocrx_word' id='word_1_220' title='bbox 2241 1486 2274 1512; x_wconf 85' lang='lat' dir='ltr'>v.</span> <span class='ocrx_word' id='word_1_221' title='bbox 2305 1471 2436 1518; x_wconf 83' lang='lat'>1063,</span> 
     </span>
     <span class='ocr_line' id='line_1_21' title="bbox 299 1542 2437 1602; baseline 0 -16"><span class='ocrx_word' id='word_1_222' title='bbox 299 1544 371 1586; x_wconf 92' lang='lat' dir='ltr'>illis</span> <span class='ocrx_word' id='word_1_223' title='bbox 414 1558 512 1602; x_wconf 91' lang='lat' dir='ltr'>quos</span> <span class='ocrx_word' id='word_1_224' title='bbox 552 1543 670 1586; x_wconf 91' lang='lat' dir='ltr'>modo</span> <span class='ocrx_word' id='word_1_225' title='bbox 717 1544 828 1602; x_wconf 87' lang='lat' dir='ltr'>posui</span> <span class='ocrx_word' id='word_1_226' title='bbox 868 1544 1106 1588; x_wconf 88' lang='lat' dir='ltr'>simillimus:</span> <span class='ocrx_word' id='word_1_227' title='bbox 1161 1545 1240 1587; x_wconf 84' lang='grc' dir='ltr'>σοῦ</span> <span class='ocrx_word' id='word_1_228' title='bbox 1283 1559 1335 1601; x_wconf 88' lang='grc' dir='ltr'>γε</span> <span class='ocrx_word' id='word_1_229' title='bbox 1378 1543 1528 1594; x_wconf 82' lang='grc' dir='ltr'><em>παιδὸς</em></span> <span class='ocrx_word' id='word_1_230' title='bbox 1574 1542 1700 1588; x_wconf 76' lang='grc' dir='ltr'><em>παιδί.</em></span> <span class='ocrx_word' id='word_1_231' title='bbox 1736 1545 1785 1589; x_wconf 77' lang='lat' dir='ltr'>cl.</span> <span class='ocrx_word' id='word_1_232' title='bbox 1810 1543 1954 1587; x_wconf 85' lang='lat' dir='ltr'>Troad.</span> <span class='ocrx_word' id='word_1_233' title='bbox 1981 1542 2089 1588; x_wconf 84' lang='lat'>339:</span> <span class='ocrx_word' id='word_1_234' title='bbox 2140 1542 2255 1599; x_wconf 79' lang='grc' dir='ltr'><em>ἐμῶν</em></span> <span class='ocrx_word' id='word_1_235' title='bbox 2286 1544 2437 1600; x_wconf 76' lang='grc' dir='ltr'><em>γάμων</em></span> 
     </span>
     <span class='ocr_line' id='line_1_22' title="bbox 300 1617 2437 1674; baseline -0 -15"><span class='ocrx_word' id='word_1_236' title='bbox 300 1617 417 1674; x_wconf 85' lang='grc' dir='ltr'><em>εὐνᾷ.</em></span> <span class='ocrx_word' id='word_1_237' title='bbox 457 1642 510 1648; x_wconf 94' lang='lat'><em>-</em></span> <span class='ocrx_word' id='word_1_238' title='bbox 546 1620 680 1673; x_wconf 87' lang='lat' dir='ltr'>Atque</span> <span class='ocrx_word' id='word_1_239' title='bbox 724 1618 772 1658; x_wconf 89' lang='lat' dir='ltr'>ab</span> <span class='ocrx_word' id='word_1_240' title='bbox 816 1617 880 1659; x_wconf 90' lang='lat' dir='ltr'>his</span> <span class='ocrx_word' id='word_1_241' title='bbox 925 1618 1082 1673; x_wconf 90' lang='lat' dir='ltr'>quidem</span> <span class='ocrx_word' id='word_1_242' title='bbox 1124 1619 1241 1659; x_wconf 88' lang='lat' dir='ltr'>initiis</span> <span class='ocrx_word' id='word_1_243' title='bbox 1280 1619 1485 1660; x_wconf 89' lang='lat' dir='ltr'>lenissimis</span> <span class='ocrx_word' id='word_1_244' title='bbox 1527 1617 1647 1659; x_wconf 84' lang='lat' dir='ltr'>dictio</span> <span class='ocrx_word' id='word_1_245' title='bbox 1689 1619 1832 1673; x_wconf 82' lang='lat' dir='ltr'>tragica</span> <span class='ocrx_word' id='word_1_246' title='bbox 1871 1617 1922 1658; x_wconf 86' lang='lat' dir='ltr'>ad</span> <span class='ocrx_word' id='word_1_247' title='bbox 1961 1624 2106 1659; x_wconf 81' lang='lat' dir='ltr'>tantam</span> <span class='ocrx_word' id='word_1_248' title='bbox 2151 1625 2331 1673; x_wconf 84' lang='lat' dir='ltr'>provecta</span> <span class='ocrx_word' id='word_1_249' title='bbox 2377 1623 2437 1659; x_wconf 87' lang='lat' dir='ltr'>est</span> 
     </span>
     <span class='ocr_line' id='line_1_23' title="bbox 299 1689 2435 1747; baseline -0.001 -14"><span class='ocrx_word' id='word_1_250' title='bbox 299 1689 558 1733; x_wconf 77' lang='lat' dir='ltr'>transferendi</span> <span class='ocrx_word' id='word_1_251' title='bbox 603 1689 819 1739; x_wconf 84' lang='lat' dir='ltr'>audaciam,</span> <span class='ocrx_word' id='word_1_252' title='bbox 859 1697 902 1732; x_wconf 89' lang='lat' dir='ltr'>ut</span> <span class='ocrx_word' id='word_1_253' title='bbox 940 1690 1032 1747; x_wconf 93' lang='lat' dir='ltr'>quid</span> <span class='ocrx_word' id='word_1_254' title='bbox 1066 1692 1185 1733; x_wconf 83' lang='lat' dir='ltr'>suerit</span> <span class='ocrx_word' id='word_1_255' title='bbox 1217 1698 1437 1734; x_wconf 83' lang='lat' dir='ltr'>extremum</span> <span class='ocrx_word' id='word_1_256' title='bbox 1474 1690 1707 1733; x_wconf 78' lang='lat' dir='ltr'>audentibus</span> <span class='ocrx_word' id='word_1_257' title='bbox 1741 1690 2011 1732; x_wconf 82' lang='lat' dir='ltr'>difficillimum</span> <span class='ocrx_word' id='word_1_258' title='bbox 2045 1692 2094 1732; x_wconf 88' lang='lat' dir='ltr'>sit</span> <span class='ocrx_word' id='word_1_259' title='bbox 2126 1690 2247 1734; x_wconf 87' lang='lat' dir='ltr'>dictu.</span> <span class='ocrx_word' id='word_1_260' title='bbox 2311 1692 2435 1732; x_wconf 87' lang='lat' dir='ltr'>Recte</span> 
     </span>
     <span class='ocr_line' id='line_1_24' title="bbox 301 1762 2437 1822; baseline -0 -16"><span class='ocrx_word' id='word_1_261' title='bbox 301 1762 458 1821; x_wconf 90' lang='lat' dir='ltr'>quidem</span> <span class='ocrx_word' id='word_1_262' title='bbox 481 1762 678 1806; x_wconf 87' lang='lat' dir='ltr'>Iacobsius</span> <span class='ocrx_word' id='word_1_263' title='bbox 712 1763 750 1805; x_wconf 91' lang='lat' dir='ltr'>in</span> <span class='ocrx_word' id='word_1_264' title='bbox 785 1763 945 1807; x_wconf 85' lang='lat' dir='ltr'>Anthol.</span> <span class='ocrx_word' id='word_1_265' title='bbox 989 1764 1070 1807; x_wconf 87' lang='lat' dir='ltr'>Pal.</span> <span class='ocrx_word' id='word_1_266' title='bbox 1096 1765 1163 1807; x_wconf 88' lang='lat' dir='ltr'>VI.</span> <span class='ocrx_word' id='word_1_267' title='bbox 1190 1764 1283 1807; x_wconf 90' lang='grc'>230</span> <span class='ocrx_word' id='word_1_268' title='bbox 1314 1763 1364 1806; x_wconf 91' lang='lat' dir='ltr'>ad</span> <span class='ocrx_word' id='word_1_269' title='bbox 1398 1778 1532 1807; x_wconf 87' lang='lat' dir='ltr'>vocem</span> <span class='ocrx_word' id='word_1_270' title='bbox 1567 1763 1765 1822; x_wconf 77' lang='grc' dir='ltr'><em>ᾠήκτρης</em></span> <span class='ocrx_word' id='word_1_271' title='bbox 1793 1766 1962 1822; x_wconf 78' lang='grc' dir='ltr'><em>κνῆσμα</em></span> <span class='ocrx_word' id='word_1_272' title='bbox 1995 1762 2272 1821; x_wconf 70' lang='grc' dir='ltr'><em>σιδηρόὸετον</em></span> <span class='ocrx_word' id='word_1_273' title='bbox 2304 1769 2437 1805; x_wconf 89' lang='lat' dir='ltr'>monet</span> 
     </span>
     <span class='ocr_line' id='line_1_25' title="bbox 307 1831 2435 1896; baseline 0.001 -19"><span class='ocrx_word' id='word_1_274' title='bbox 307 1837 376 1894; x_wconf 68' lang='lat' dir='ltr'>,in</span> <span class='ocrx_word' id='word_1_275' title='bbox 415 1831 692 1894; x_wconf 60' lang='lat' dir='ltr'>&#39;periphrastica</span> <span class='ocrx_word' id='word_1_276' title='bbox 733 1837 1079 1880; x_wconf 88' lang='lat' dir='ltr'>circumlocutione</span> <span class='ocrx_word' id='word_1_277' title='bbox 1123 1838 1354 1896; x_wconf 88' lang='lat' dir='ltr'>plerumque</span> <span class='ocrx_word' id='word_1_278' title='bbox 1398 1837 1599 1895; x_wconf 83' lang='lat' dir='ltr'>epitheton</span> <span class='ocrx_word' id='word_1_279' title='bbox 1640 1836 1810 1893; x_wconf 87' lang='lat' dir='ltr'>copulari</span> <span class='ocrx_word' id='word_1_280' title='bbox 1851 1851 1939 1879; x_wconf 91' lang='lat' dir='ltr'>cum</span> <span class='ocrx_word' id='word_1_281' title='bbox 1973 1850 2022 1879; x_wconf 92' lang='lat' dir='ltr'>eo</span> <span class='ocrx_word' id='word_1_282' title='bbox 2056 1836 2161 1895; x_wconf 93' lang='lat' dir='ltr'>quod</span> <span class='ocrx_word' id='word_1_283' title='bbox 2195 1836 2435 1894; x_wconf 74' lang='lat' dir='ltr'>periphrasin</span> 
     </span>
     <span class='ocr_line' id='line_1_26' title="bbox 299 1908 2433 1965; baseline 0 -13"><span class='ocrx_word' id='word_1_284' title='bbox 299 1908 465 1965; x_wconf 80' lang='lat' dir='ltr'>saciat3¹</span> <span class='ocrx_word' id='word_1_285' title='bbox 521 1916 786 1952; x_wconf 79' lang='lat' dir='ltr'>verumtamen</span> <span class='ocrx_word' id='word_1_286' title='bbox 837 1911 866 1952; x_wconf 90' lang='lat' dir='ltr'>si</span> <span class='ocrx_word' id='word_1_287' title='bbox 910 1911 1128 1954; x_wconf 84' lang='lat' dir='ltr'>Mathiaeus</span> <span class='ocrx_word' id='word_1_288' title='bbox 1177 1910 1227 1953; x_wconf 90' lang='lat' dir='ltr'>ad</span> <span class='ocrx_word' id='word_1_289' title='bbox 1268 1911 1415 1954; x_wconf 86' lang='lat' dir='ltr'>Phoen.</span> <span class='ocrx_word' id='word_1_290' title='bbox 1452 1927 1488 1953; x_wconf 90' lang='grc' dir='ltr'><em>ν.</em></span> <span class='ocrx_word' id='word_1_291' title='bbox 1525 1909 1597 1953; x_wconf 88' lang='grc'>30.</span> <span class='ocrx_word' id='word_1_292' title='bbox 1641 1910 1851 1960; x_wconf 85' lang='lat' dir='ltr'>contendit,</span> <span class='ocrx_word' id='word_1_293' title='bbox 1895 1910 1948 1952; x_wconf 92' lang='lat' dir='ltr'>ibi</span> <span class='ocrx_word' id='word_1_294' title='bbox 1993 1910 2263 1953; x_wconf 89' lang='lat' dir='ltr'>tantummodo</span> <span class='ocrx_word' id='word_1_295' title='bbox 2307 1911 2433 1953; x_wconf 90' lang='lat' dir='ltr'>locum</span> 
     </span>
     <span class='ocr_line' id='line_1_27' title="bbox 300 1983 2433 2043; baseline 0 -17"><span class='ocrx_word' id='word_1_296' title='bbox 300 1983 446 2027; x_wconf 88' lang='lat' dir='ltr'>habere</span> <span class='ocrx_word' id='word_1_297' title='bbox 495 1997 687 2041; x_wconf 71' lang='lat' dir='ltr'>,casuum</span> <span class='ocrx_word' id='word_1_298' title='bbox 728 1984 973 2041; x_wconf 74' lang='lat' dir='ltr'>enallagen,⁴</span> <span class='ocrx_word' id='word_1_299' title='bbox 1022 1984 1089 2028; x_wconf 90' lang='lat' dir='ltr'>ubi</span> <span class='ocrx_word' id='word_1_300' title='bbox 1135 1983 1196 2028; x_wconf 84' lang='lat' dir='ltr'>vel</span> <span class='ocrx_word' id='word_1_301' title='bbox 1235 1984 1519 2028; x_wconf 85' lang='lat' dir='ltr'>substantivum</span> <span class='ocrx_word' id='word_1_302' title='bbox 1561 1999 1646 2026; x_wconf 91' lang='lat' dir='ltr'>cum</span> <span class='ocrx_word' id='word_1_303' title='bbox 1680 1984 1851 2040; x_wconf 88' lang='lat' dir='ltr'>genitivo</span> <span class='ocrx_word' id='word_1_304' title='bbox 1886 1984 2101 2043; x_wconf 86' lang='lat' dir='ltr'>periphrasi</span> <span class='ocrx_word' id='word_1_305' title='bbox 2135 1985 2330 2040; x_wconf 71' lang='lat' dir='ltr'>inserviat,</span> <span class='ocrx_word' id='word_1_306' title='bbox 2375 1985 2433 2026; x_wconf 84' lang='lat' dir='ltr'>vel</span> 
     </span>
     <span class='ocr_line' id='line_1_28' title="bbox 300 2056 2433 2117; baseline 0 -18"><span class='ocrx_word' id='word_1_307' title='bbox 300 2057 494 2114; x_wconf 85' lang='lat' dir='ltr'>genitivus</span> <span class='ocrx_word' id='word_1_308' title='bbox 538 2056 746 2100; x_wconf 87' lang='lat' dir='ltr'>commode</span> <span class='ocrx_word' id='word_1_309' title='bbox 787 2057 926 2101; x_wconf 85' lang='lat' dir='ltr'>abesse</span> <span class='ocrx_word' id='word_1_310' title='bbox 965 2059 1098 2115; x_wconf 88' lang='lat' dir='ltr'>possit,</span> <span class='ocrx_word' id='word_1_311' title='bbox 1137 2059 1313 2117; x_wconf 81' lang='lat' dir='ltr'>profecto</span> <span class='ocrx_word' id='word_1_312' title='bbox 1353 2058 1467 2100; x_wconf 90' lang='lat' dir='ltr'>nimis</span> <span class='ocrx_word' id='word_1_313' title='bbox 1505 2072 1638 2101; x_wconf 88' lang='lat' dir='ltr'>severe</span> <span class='ocrx_word' id='word_1_314' title='bbox 1672 2056 1853 2100; x_wconf 86' lang='lat' dir='ltr'>iudicavit</span> <span class='ocrx_word' id='word_1_315' title='bbox 1885 2058 1942 2099; x_wconf 84' lang='lat' dir='ltr'>vir</span> <span class='ocrx_word' id='word_1_316' title='bbox 1973 2056 2126 2100; x_wconf 89' lang='lat' dir='ltr'>doctus.</span> <span class='ocrx_word' id='word_1_317' title='bbox 2197 2057 2298 2100; x_wconf 88' lang='lat' dir='ltr'>Vide</span> <span class='ocrx_word' id='word_1_318' title='bbox 2331 2059 2433 2101; x_wconf 91' lang='lat' dir='ltr'>enim</span> 
     </span>
     <span class='ocr_line' id='line_1_29' title="bbox 302 2123 2433 2189; baseline 0.001 -17"><span class='ocrx_word' id='word_1_319' title='bbox 302 2144 351 2172; x_wconf 90' lang='lat' dir='ltr'>ne</span> <span class='ocrx_word' id='word_1_320' title='bbox 381 2137 567 2187; x_wconf 90' lang='lat' dir='ltr'>respuant</span> <span class='ocrx_word' id='word_1_321' title='bbox 594 2130 691 2172; x_wconf 91' lang='lat' dir='ltr'>hanc</span> <span class='ocrx_word' id='word_1_322' title='bbox 718 2131 894 2187; x_wconf 87' lang='lat' dir='ltr'>regulam</span> <span class='ocrx_word' id='word_1_323' title='bbox 929 2131 1033 2173; x_wconf 86' lang='lat' dir='ltr'>haud</span> <span class='ocrx_word' id='word_1_324' title='bbox 1066 2145 1187 2189; x_wconf 86' lang='lat' dir='ltr'>pauca</span> <span class='ocrx_word' id='word_1_325' title='bbox 1220 2146 1270 2174; x_wconf 85' lang='lat' dir='ltr'>ex</span> <span class='ocrx_word' id='word_1_326' title='bbox 1302 2133 1361 2182; x_wconf 86' lang='lat' dir='ltr'>iis,</span> <span class='ocrx_word' id='word_1_327' title='bbox 1395 2145 1495 2189; x_wconf 85' lang='lat' dir='ltr'>quae</span> <span class='ocrx_word' id='word_1_328' title='bbox 1529 2132 1602 2173; x_wconf 90' lang='lat' dir='ltr'>iam</span> <span class='ocrx_word' id='word_1_329' title='bbox 1636 2130 1818 2182; x_wconf 83' lang='lat' dir='ltr'>allaturus</span> <span class='ocrx_word' id='word_1_330' title='bbox 1852 2145 1950 2180; x_wconf 92' lang='lat' dir='ltr'>sum,</span> <span class='ocrx_word' id='word_1_331' title='bbox 1983 2132 2170 2188; x_wconf 87' lang='lat' dir='ltr'>exemplis</span> <span class='ocrx_word' id='word_1_332' title='bbox 2194 2123 2433 2188; x_wconf 82' lang='lat' dir='ltr'>Euripideis.</span> 
     </span>
     <span class='ocr_line' id='line_1_30' title="bbox 299 2201 2432 2262; baseline 0.001 -18"><span class='ocrx_word' id='word_1_333' title='bbox 299 2204 359 2244; x_wconf 85' lang='lat' dir='ltr'>Ac</span> <span class='ocrx_word' id='word_1_334' title='bbox 396 2203 564 2259; x_wconf 90' lang='lat' dir='ltr'>primum</span> <span class='ocrx_word' id='word_1_335' title='bbox 599 2201 761 2260; x_wconf 91' lang='lat' dir='ltr'>quidem</span> <span class='ocrx_word' id='word_1_336' title='bbox 795 2218 863 2245; x_wconf 90' lang='lat' dir='ltr'>eos</span> <span class='ocrx_word' id='word_1_337' title='bbox 896 2218 1111 2261; x_wconf 87' lang='lat' dir='ltr'>proponam</span> <span class='ocrx_word' id='word_1_338' title='bbox 1145 2205 1267 2254; x_wconf 83' lang='lat' dir='ltr'>locos,</span> <span class='ocrx_word' id='word_1_339' title='bbox 1300 2204 1441 2262; x_wconf 91' lang='lat' dir='ltr'>quibus</span> <span class='ocrx_word' id='word_1_340' title='bbox 1475 2204 1525 2246; x_wconf 86' lang='lat' dir='ltr'>ad</span> <span class='ocrx_word' id='word_1_341' title='bbox 1560 2217 1810 2262; x_wconf 85' lang='lat' dir='ltr'>personarum</span> <span class='ocrx_word' id='word_1_342' title='bbox 1837 2218 2056 2261; x_wconf 79' lang='lat' dir='ltr'>rerumque</span> <span class='ocrx_word' id='word_1_343' title='bbox 2090 2204 2317 2261; x_wconf 85' lang='lat' dir='ltr'>dignitatem</span> <span class='ocrx_word' id='word_1_344' title='bbox 2352 2205 2432 2262; x_wconf 84' lang='lat' dir='ltr'>ipsa</span> 
     </span>
     <span class='ocr_line' id='line_1_31' title="bbox 300 2274 2435 2335; baseline 0.001 -18"><span class='ocrx_word' id='word_1_345' title='bbox 300 2274 509 2319; x_wconf 88' lang='lat' dir='ltr'>verborum</span> <span class='ocrx_word' id='word_1_346' title='bbox 542 2275 731 2332; x_wconf 88' lang='lat' dir='ltr'>gravitate</span> <span class='ocrx_word' id='word_1_347' title='bbox 765 2274 1053 2334; x_wconf 84' lang='lat' dir='ltr'>depingendam</span> <span class='ocrx_word' id='word_1_348' title='bbox 1087 2278 1367 2335; x_wconf 87' lang='lat' dir='ltr'>periphrastico</span> <span class='ocrx_word' id='word_1_349' title='bbox 1402 2285 1519 2335; x_wconf 88' lang='lat' dir='ltr'>poeta</span> <span class='ocrx_word' id='word_1_350' title='bbox 1554 2278 1750 2320; x_wconf 89' lang='lat' dir='ltr'>enuntiato</span> <span class='ocrx_word' id='word_1_351' title='bbox 1783 2292 1874 2319; x_wconf 91' lang='lat' dir='ltr'>usus</span> <span class='ocrx_word' id='word_1_352' title='bbox 1908 2286 1980 2322; x_wconf 90' lang='lat' dir='ltr'>est.</span> <span class='ocrx_word' id='word_1_353' title='bbox 2034 2279 2119 2321; x_wconf 88' lang='lat' dir='ltr'>Ion.</span> <span class='ocrx_word' id='word_1_354' title='bbox 2148 2277 2286 2321; x_wconf 85' lang='lat'>1260:</span> <span class='ocrx_word' id='word_1_355' title='bbox 2336 2292 2435 2320; x_wconf 80' lang='grc' dir='ltr'><em>ταυ-</em></span> 
     </span>
     <span class='ocr_line' id='line_1_32' title="bbox 297 2346 2433 2411; baseline 0.002 -21"><span class='ocrx_word' id='word_1_356' title='bbox 297 2347 524 2407; x_wconf 81' lang='grc' dir='ltr'><em>ρόμορφον</em></span> <span class='ocrx_word' id='word_1_357' title='bbox 565 2346 682 2403; x_wconf 87' lang='grc' dir='ltr'><em>ὄμμα</em></span> <span class='ocrx_word' id='word_1_358' title='bbox 727 2346 921 2407; x_wconf 79' lang='grc' dir='ltr'><em>Κηφισοῦ</em></span> <span class='ocrx_word' id='word_1_359' title='bbox 962 2349 1138 2407; x_wconf 85' lang='grc' dir='ltr'><em>πατρός.</em></span> <span class='ocrx_word' id='word_1_360' title='bbox 1179 2349 1226 2394; x_wconf 77' lang='lat' dir='ltr'>cl.</span> <span class='ocrx_word' id='word_1_361' title='bbox 1268 2351 1391 2411; x_wconf 90' lang='lat' dir='ltr'>Soph.</span> <span class='ocrx_word' id='word_1_362' title='bbox 1428 2351 1567 2395; x_wconf 89' lang='lat' dir='ltr'>Trach.</span> <span class='ocrx_word' id='word_1_363' title='bbox 1602 2350 1710 2394; x_wconf 84' lang='lat'>527:</span> <span class='ocrx_word' id='word_1_364' title='bbox 1761 2348 2056 2408; x_wconf 75' lang='grc' dir='ltr'><em>ἀμφινείκητον</em></span> <span class='ocrx_word' id='word_1_365' title='bbox 2094 2348 2212 2406; x_wconf 83' lang='grc' dir='ltr'><em>ὄμμα</em></span> <span class='ocrx_word' id='word_1_366' title='bbox 2255 2349 2433 2409; x_wconf 76' lang='grc' dir='ltr'><em>νύμφης.</em></span> 
     </span>
     <span class='ocr_line' id='line_1_33' title="bbox 302 2421 2435 2482; baseline 0.001 -18"><span class='ocrx_word' id='word_1_367' title='bbox 302 2421 419 2465; x_wconf 83' lang='lat' dir='ltr'>Rhes.</span> <span class='ocrx_word' id='word_1_368' title='bbox 445 2422 555 2466; x_wconf 82' lang='lat'><strong>383:</strong></span> <span class='ocrx_word' id='word_1_369' title='bbox 598 2421 869 2478; x_wconf 69' lang='grc' dir='ltr'><em>χρυσόδετον</em></span> <span class='ocrx_word' id='word_1_370' title='bbox 901 2424 1104 2479; x_wconf 81' lang='grc' dir='ltr'><em>σώματος</em></span> <span class='ocrx_word' id='word_1_371' title='bbox 1133 2423 1281 2482; x_wconf 82' lang='grc' dir='ltr'><em>ἀλκήν.</em></span> <span class='ocrx_word' id='word_1_372' title='bbox 1335 2425 1426 2467; x_wconf 88' lang='lat' dir='ltr'>Hel.</span> <span class='ocrx_word' id='word_1_373' title='bbox 1454 2423 1564 2467; x_wconf 80' lang='lat'>205:</span> <span class='ocrx_word' id='word_1_374' title='bbox 1613 2422 1836 2480; x_wconf 82' lang='grc' dir='ltr'><em>Κάστορός</em></span> <span class='ocrx_word' id='word_1_375' title='bbox 1866 2436 1913 2464; x_wconf 83' lang='grc' dir='ltr'>τε</span> <span class='ocrx_word' id='word_1_376' title='bbox 1945 2423 2151 2480; x_wconf 85' lang='grc' dir='ltr'><em>συγγόνου</em></span> <span class='ocrx_word' id='word_1_377' title='bbox 2185 2437 2232 2465; x_wconf 85' lang='grc' dir='ltr'>τε</span> <span class='ocrx_word' id='word_1_378' title='bbox 2264 2424 2435 2480; x_wconf 83' lang='grc' dir='ltr'><em>διδυμο·</em></span> 
     </span>
     <span class='ocr_line' id='line_1_34' title="bbox 300 2493 2435 2553; baseline 0.001 -17"><span class='ocrx_word' id='word_1_379' title='bbox 300 2493 424 2549; x_wconf 74' lang='grc' dir='ltr'><em>γενὲς</em></span> <span class='ocrx_word' id='word_1_380' title='bbox 453 2493 640 2552; x_wconf 79' lang='grc' dir='ltr'><em>ἄγαλμα.</em></span> <span class='ocrx_word' id='word_1_381' title='bbox 709 2497 854 2541; x_wconf 87' lang='lat' dir='ltr'>Troad.</span> <span class='ocrx_word' id='word_1_382' title='bbox 886 2498 1022 2541; x_wconf 79' lang='lat'>1220:</span> <span class='ocrx_word' id='word_1_383' title='bbox 1076 2496 1238 2552; x_wconf 84' lang='grc' dir='ltr'><em>Φρύγια</em></span> <span class='ocrx_word' id='word_1_384' title='bbox 1272 2497 1446 2539; x_wconf 77' lang='grc' dir='ltr'><em>πέπλων</em></span> <span class='ocrx_word' id='word_1_385' title='bbox 1479 2498 1718 2553; x_wconf 81' lang='grc' dir='ltr'><em>ἀγάλματα.</em></span> <span class='ocrx_word' id='word_1_386' title='bbox 1768 2497 1847 2540; x_wconf 89' lang='lat' dir='ltr'>ibd.</span> <span class='ocrx_word' id='word_1_387' title='bbox 1876 2498 2013 2541; x_wconf 83' lang='lat'>11¹1:</span> <span class='ocrx_word' id='word_1_388' title='bbox 2062 2499 2267 2553; x_wconf 80' lang='grc' dir='ltr'><em>πατρῷον</em></span> <span class='ocrx_word' id='word_1_389' title='bbox 2300 2498 2435 2539; x_wconf 64' lang='lat' dir='ltr'>Maa-</span> 
     </span>
    </p>
   </div>
   <div class='ocr_carea' id='block_1_6' title="bbox 300 2608 523 2614">
    <p class='ocr_par' dir='ltr' id='par_1_7' title="bbox 300 2608 523 2614">
     <span class='ocr_line' id='line_1_35' title="bbox 300 2608 523 2614; baseline 0 0"><span class='ocrx_word' id='word_1_390' title='bbox 300 2608 523 2614; x_wconf 95' lang='lat' dir='ltr'> </span> 
     </span>
    </p>
   </div>
   <div class='ocr_carea' id='block_1_7' title="bbox 664 2612 801 2616">
    <p class='ocr_par' dir='ltr' id='par_1_8' title="bbox 664 2612 801 2616">
     <span class='ocr_line' id='line_1_36' title="bbox 664 2612 801 2616; baseline 0 0"><span class='ocrx_word' id='word_1_391' title='bbox 664 2612 801 2616; x_wconf 95' lang='lat' dir='ltr'> </span> 
     </span>
    </p>
   </div>
   <div class='ocr_carea' id='block_1_8' title="bbox 483 2682 2442 2936">
    <p class='ocr_par' dir='ltr' id='par_1_9' title="bbox 483 2682 2442 2936">
     <span class='ocr_line' id='line_1_37' title="bbox 483 2682 2438 2728; baseline 0.001 -13"><span class='ocrx_word' id='word_1_392' title='bbox 483 2682 508 2722; x_wconf 84' lang='lat'>’)</span> <span class='ocrx_word' id='word_1_393' title='bbox 552 2682 691 2716; x_wconf 78' lang='lat' dir='ltr'>Lobeelr.</span> <span class='ocrx_word' id='word_1_394' title='bbox 718 2683 889 2725; x_wconf 82' lang='lat' dir='ltr'>Phrynich.</span> <span class='ocrx_word' id='word_1_395' title='bbox 907 2694 960 2726; x_wconf 80' lang='lat' dir='ltr'>pg.</span> <span class='ocrx_word' id='word_1_396' title='bbox 976 2684 1055 2716; x_wconf 80' lang='lat'>304:</span> <span class='ocrx_word' id='word_1_397' title='bbox 1089 2685 1180 2724; x_wconf 76' lang='lat' dir='ltr'>Quae</span> <span class='ocrx_word' id='word_1_398' title='bbox 1203 2687 1386 2717; x_wconf 83' lang='lat' dir='ltr'>eommunis</span> <span class='ocrx_word' id='word_1_399' title='bbox 1411 2696 1489 2718; x_wconf 87' lang='lat' dir='ltr'>usus</span> <span class='ocrx_word' id='word_1_400' title='bbox 1513 2688 1638 2728; x_wconf 85' lang='lat' dir='ltr'>recepit</span> <span class='ocrx_word' id='word_1_401' title='bbox 1661 2695 1697 2717; x_wconf 80' lang='lat' dir='ltr'>ea</span> <span class='ocrx_word' id='word_1_402' title='bbox 1723 2686 1835 2727; x_wconf 86' lang='lat' dir='ltr'>poesin</span> <span class='ocrx_word' id='word_1_403' title='bbox 1859 2684 2036 2723; x_wconf 85' lang='lat' dir='ltr'>dedecent;</span> <span class='ocrx_word' id='word_1_404' title='bbox 2069 2694 2154 2726; x_wconf 78' lang='lat' dir='ltr'>quae</span> <span class='ocrx_word' id='word_1_405' title='bbox 2177 2686 2259 2717; x_wconf 84' lang='lat' dir='ltr'>haec</span> <span class='ocrx_word' id='word_1_406' title='bbox 2282 2686 2345 2717; x_wconf 87' lang='lat' dir='ltr'>sibi</span> <span class='ocrx_word' id='word_1_407' title='bbox 2369 2687 2438 2717; x_wconf 87' lang='lat' dir='ltr'>vin-</span> 
     </span>
     <span class='ocr_line' id='line_1_38' title="bbox 552 2735 2439 2779; baseline 0.002 -12"><span class='ocrx_word' id='word_1_408' title='bbox 552 2737 682 2774; x_wconf 76' lang='lat' dir='ltr'>dicavit,</span> <span class='ocrx_word' id='word_1_409' title='bbox 714 2741 863 2769; x_wconf 80' lang='lat' dir='ltr'>oratores</span> <span class='ocrx_word' id='word_1_410' title='bbox 892 2747 956 2768; x_wconf 89' lang='lat' dir='ltr'>non</span> <span class='ocrx_word' id='word_1_411' title='bbox 987 2739 1157 2778; x_wconf 78' lang='lat' dir='ltr'>attingunt.</span> <span class='ocrx_word' id='word_1_412' title='bbox 1208 2735 1252 2769; x_wconf 82' lang='lat' dir='ltr'>lta</span> <span class='ocrx_word' id='word_1_413' title='bbox 1284 2739 1371 2769; x_wconf 89' lang='lat' dir='ltr'>tenui</span> <span class='ocrx_word' id='word_1_414' title='bbox 1404 2744 1435 2770; x_wconf 88' lang='lat' dir='ltr'>et</span> <span class='ocrx_word' id='word_1_415' title='bbox 1459 2738 1567 2770; x_wconf 89' lang='lat' dir='ltr'>medio</span> <span class='ocrx_word' id='word_1_416' title='bbox 1590 2737 1719 2770; x_wconf 88' lang='lat' dir='ltr'>dicendi</span> <span class='ocrx_word' id='word_1_417' title='bbox 1743 2738 1854 2778; x_wconf 81' lang='lat' dir='ltr'>generi</span> <span class='ocrx_word' id='word_1_418' title='bbox 1878 2735 2014 2772; x_wconf 83' lang='grc' dir='ltr'><em>πάππος</em></span> <span class='ocrx_word' id='word_1_419' title='bbox 2034 2741 2067 2768; x_wconf 86' lang='lat' dir='ltr'>et</span> <span class='ocrx_word' id='word_1_420' title='bbox 2089 2735 2215 2772; x_wconf 78' lang='grc' dir='ltr'><em>υἱωνός</em></span> <span class='ocrx_word' id='word_1_421' title='bbox 2235 2744 2439 2779; x_wconf 70' lang='lat' dir='ltr'>congruuntz</span> 
     </span>
     <span class='ocr_line' id='line_1_39' title="bbox 553 2789 2442 2833; baseline 0.001 -12"><span class='ocrx_word' id='word_1_422' title='bbox 553 2790 584 2821; x_wconf 90' lang='lat' dir='ltr'>in</span> <span class='ocrx_word' id='word_1_423' title='bbox 615 2790 818 2832; x_wconf 61' lang='lat' dir='ltr'>spblimhre,</span> <span class='ocrx_word' id='word_1_424' title='bbox 849 2790 945 2832; x_wconf 81' lang='lat' dir='ltr'>quale</span> <span class='ocrx_word' id='word_1_425' title='bbox 967 2792 1093 2832; x_wconf 76' lang='lat' dir='ltr'>spirant</span> <span class='ocrx_word' id='word_1_426' title='bbox 1114 2793 1311 2832; x_wconf 78' lang='lat' dir='ltr'>tragicorum</span> <span class='ocrx_word' id='word_1_427' title='bbox 1335 2792 1492 2828; x_wconf 79' lang='lat' dir='ltr'>diverbia,</span> <span class='ocrx_word' id='word_1_428' title='bbox 1514 2791 1636 2833; x_wconf 79' lang='lat' dir='ltr'>aliquid</span> <span class='ocrx_word' id='word_1_429' title='bbox 1660 2791 1793 2822; x_wconf 82' lang='lat' dir='ltr'>electius</span> <span class='ocrx_word' id='word_1_430' title='bbox 1816 2791 1998 2830; x_wconf 80' lang='lat' dir='ltr'>anquiritur</span> <span class='ocrx_word' id='word_1_431' title='bbox 2019 2789 2151 2830; x_wconf 83' lang='grc' dir='ltr'><em>πατρὸς</em></span> <span class='ocrx_word' id='word_1_432' title='bbox 2171 2790 2294 2832; x_wconf 76' lang='grc' dir='ltr'><em>πατὴρ,</em></span> <span class='ocrx_word' id='word_1_433' title='bbox 2319 2790 2442 2827; x_wconf 80' lang='grc' dir='ltr'><em>παιδὸς</em></span> 
     </span>
     <span class='ocr_line' id='line_1_40' title="bbox 553 2841 2439 2886; baseline 0.003 -14"><span class='ocrx_word' id='word_1_434' title='bbox 553 2842 645 2879; x_wconf 84' lang='grc' dir='ltr'>παῖς;</span> <span class='ocrx_word' id='word_1_435' title='bbox 691 2843 766 2875; x_wconf 87' lang='lat' dir='ltr'>hinc</span> <span class='ocrx_word' id='word_1_436' title='bbox 795 2843 919 2884; x_wconf 81' lang='lat' dir='ltr'>aliquot</span> <span class='ocrx_word' id='word_1_437' title='bbox 948 2844 1104 2884; x_wconf 74' lang='lat' dir='ltr'>gradibus</span> <span class='ocrx_word' id='word_1_438' title='bbox 1127 2844 1222 2876; x_wconf 74' lang='lat' dir='ltr'>altius</span> <span class='ocrx_word' id='word_1_439' title='bbox 1252 2845 1440 2875; x_wconf 80' lang='lat' dir='ltr'>ascenditur</span> <span class='ocrx_word' id='word_1_440' title='bbox 1470 2845 1510 2876; x_wconf 80' lang='lat' dir='ltr'>ad</span> <span class='ocrx_word' id='word_1_441' title='bbox 1541 2843 1767 2886; x_wconf 84' lang='grc' dir='ltr'><em>μητροπάτωρ</em></span> <span class='ocrx_word' id='word_1_442' title='bbox 1798 2848 1829 2874; x_wconf 86' lang='lat' dir='ltr'>et</span> <span class='ocrx_word' id='word_1_443' title='bbox 1859 2841 2097 2883; x_wconf 81' lang='grc' dir='ltr'><em>πατροπάτωρ,</em></span> <span class='ocrx_word' id='word_1_444' title='bbox 2128 2853 2214 2885; x_wconf 77' lang='lat' dir='ltr'>quae</span> <span class='ocrx_word' id='word_1_445' title='bbox 2245 2846 2308 2876; x_wconf 76' lang='lat' dir='ltr'>iam</span> <span class='ocrx_word' id='word_1_446' title='bbox 2340 2844 2439 2885; x_wconf 74' lang='lat' dir='ltr'>longe</span> 
     </span>
     <span class='ocr_line' id='line_1_41' title="bbox 553 2896 1217 2936; baseline 0.003 -10"><span class='ocrx_word' id='word_1_447' title='bbox 553 2904 651 2936; x_wconf 86' lang='lat' dir='ltr'>supra</span> <span class='ocrx_word' id='word_1_448' title='bbox 677 2905 884 2927; x_wconf 82' lang='lat' dir='ltr'>communem</span> <span class='ocrx_word' id='word_1_449' title='bbox 909 2906 1002 2928; x_wconf 84' lang='lat' dir='ltr'>usum</span> <span class='ocrx_word' id='word_1_450' title='bbox 1027 2896 1108 2928; x_wconf 78' lang='lat' dir='ltr'>elata</span> <span class='ocrx_word' id='word_1_451' title='bbox 1134 2902 1217 2928; x_wconf 88' lang='lat' dir='ltr'>sunt.</span> 
     </span>
    </p>
   </div>
  </div>
 </body>
</html>
