2742 3437
1221 105 1332 162 ‚5

78 315 90 322 ,
228 270 432 319 orationis
463 275 668 342 pedestris
706 273 898 318 flumine?
945 275 1075 334 Atque
1114 282 1157 317 ut
1188 276 1266 318 iam
1303 264 1503 318 mittamus
1543 276 1736 318 vocabula
1778 290 1875 318 usus
1907 276 2117 318 insolentia
2151 274 2374 333 conspicua

237 355 306 392 aut
343 347 462 419 plane
499 354 658 402 novata,
696 354 849 391 restant
894 355 1024 391 tamen
1071 355 1134 390 sat
1177 347 1298 391 multa
1338 364 1443 406 quae
1483 347 1665 392 redolent
1706 348 1846 405 tragici
1888 347 2090 397 fabricam,
2129 359 2372 407 quamquam

199 424 204 429 ’
236 434 321 482 per
342 436 388 465 se
422 434 590 482 prorsas
624 418 718 464 nibil
751 419 898 465 babent
931 420 1040 481 quod
1072 420 1261 465 miremur
1294 420 1477 480 vitaeque
1509 420 1735 464 cotidianae
1769 436 1844 464 usu
1879 428 2069 464 teruntui.
2114 420 2217 473 Quid
2251 420 2374 480 igitur

233 493 276 536 id
298 502 374 550 est,
414 494 521 554 quod
562 493 601 536 in
635 493 779 537 talibus
815 493 914 538 locis
948 494 1158 538 verborum
1192 493 1404 537 insolentia
1438 494 1666 537 carentibus
1700 495 1827 555 spirat
1859 494 2041 538 cothurni
2075 494 2212 554 tragici
2247 493 2371 538 subli-

236 567 442 612 mitatem?
500 569 573 611 Est
626 570 807 627 profecto
866 569 1136 612 audacissima
1185 569 1484 624 adiectivorum,
1537 570 1706 611 maxime
1751 570 2078 628 compositorum,
2132 584 2219 610 cum
2273 569 2371 612 sub-

236 642 417 688 stantivis
456 641 700 708 coniunctio,
740 659 819 703 qua
859 643 897 687 in
939 659 995 697 re,
1035 651 1076 687 ut
1113 643 1167 687 ait
1205 642 1423 687 Ellendtius
1463 642 1519 698 (in
1566 642 1640 687 lex.
1683 642 1807 701 Soph.
1851 653 1944 688 tom.
1976 642 2019 687 ll.
2063 659 2129 701 pg.
2160 643 2219 687 84
2261 660 2294 687 s.
2331 660 2365 687 v.

235 715 528 775 αεσόμφαλυς)
570 716 667 761 mire
707 717 959 761 scenicorum
1000 726 1209 777 poetarum
1253 715 1413 762 licentia
1456 715 1650 761 luxuriata
1690 726 1763 761 est.
1831 718 1964 771 Quare
2007 733 2085 761 non
2128 715 2261 760 inutile
2295 717 2369 761 erit

234 790 285 832 ad
326 789 569 851 tragicorum
606 789 765 832 dicendi
799 805 927 852 genus
962 790 1120 851 penitus
1154 789 1481 851 cognoscendum
1518 789 1616 834 tales
1651 789 1933 834 adiectivorum
1970 789 2282 851 compositorum
2316 789 2367 834 ad

234 864 483 905 substantiva
519 865 795 920 appositiones
829 874 1016 905 accurate
1049 865 1294 922 conquisitas
1329 874 1366 904 et
1401 865 1438 904 in
1474 865 1632 905 diversa
1667 881 1816 922 genera
1850 865 2082 904 distributas
2117 879 2364 904 enumerare.

230 937 479 995 Quamquam
527 945 658 980 autem
705 954 778 996 pro
824 946 906 981 tota
951 937 1087 996 poesis
1134 935 1377 994 Aeschyleae
1425 947 1565 982 natura
1612 956 1689 982 non
1731 938 1891 981 dubium
1931 947 2066 997 potest
2102 938 2237 992 videri,
2271 938 2364 996 quin

231 1007 460 1070 Sophoclea
495 1017 533 1052 et
563 1009 773 1069 Euripidea
809 1010 872 1053 vix
905 1009 1109 1070 adspirent
1141 1010 1193 1054 ad
1227 1009 1366 1053 miram
1393 1010 1704 1070 Aeschyleorum
1739 1011 1959 1066 audaciam,
1994 1019 2129 1054 tamen*
2160 1025 2236 1070 ego
2272 1010 2363 1053 mibi

234 1084 441 1143 proposui,
477 1092 517 1125 ut
551 1084 776 1126 accuratius
811 1084 942 1143 paullo
978 1085 1216 1143 inquirerem
1252 1085 1288 1126 in
1325 1084 1611 1127 adiectivorum
1646 1085 1956 1143 compositorum
1992 1099 2120 1126 usum.
2154 1083 2281 1141 qualis
2305 1093 2365 1125 est

230 1157 336 1215 apud
370 1156 612 1214 Euripidem.
679 1156 818 1199 Totam
858 1166 989 1200 autem
1030 1158 1233 1199 materiam
1274 1158 1324 1200 ita
1360 1159 1507 1217 optime
1542 1159 1778 1200 distribuere
1814 1158 1904 1199 mibi
1940 1158 2089 1213 videor,
2125 1165 2166 1198 ut
2200 1158 2363 1215 primum

229 1230 358 1273 dicam
402 1230 452 1272 de
494 1231 812 1288 appositionibus
853 1232 903 1273 ob
945 1232 1226 1273 abundantiam
1268 1232 1468 1290 quandam
1509 1232 1754 1289 conspicuis.
1796 1240 1873 1273 tum
1914 1232 1965 1273 de
2005 1231 2051 1272 iis
2093 1231 2192 1273 locis
2238 1247 2363 1288 pauca

229 1302 439 1356 disseram,
481 1303 893 1361 quibus'adieciivum
929 1303 1162 1347 substantivi
1200 1304 1308 1347 vices
1342 1304 1514 1363 genitivo
1550 1320 1645 1347 casu
1682 1305 1797 1363 positi
1832 1305 2017 1356 sustinet:
2067 1304 2211 1346 deinde
2248 1304 2363 1345 verba

229 1376 369 1419 faciam
411 1376 460 1420 de
503 1393 552 1420 eo
593 1377 876 1421 adiectivorum
921 1394 1006 1421 usu.
1048 1393 1165 1438 quem
1207 1377 1441 1438 hypallages
1482 1394 1584 1438 quae
1626 1377 1768 1421 dicitur
1811 1379 1936 1438 ligura
1976 1377 2106 1421 solent
2145 1376 2365 1436 explicare:

228 1451 400 1508 denique
441 1466 637 1509 exponam
680 1453 730 1494 de
773 1467 821 1493 eo
864 1453 1158 1511 appositionum
1199 1467 1361 1510 genere,
1396 1452 1503 1510 quod
1540 1451 1599 1492 vix
1634 1452 1837 1510 expedias,
1875 1452 1948 1493 nisi
1985 1451 2219 1493 adiectivum
2255 1466 2364 1491 ‹eom-

207 1517 400 1582 'positum
434 1524 471 1565 in
506 1525 680 1567 membra
717 1525 962 1569 dissolveris.
1006 1533 1053 1557 -'-

321 1596 348 1639 Ι.
401 1597 536 1656 ltaque
567 1614 655 1641 cum
686 1599 812 1657 primo
842 1599 1122 1657 disputationis
1154 1599 1242 1643 loco
1272 1600 1471 1657 agendum
1502 1600 1552 1641 sit
1582 1599 1632 1641 de
1664 1615 1710 1641 ea
1741 1599 2026 1641 adiectivoruni
2059 1613 2147 1641 cum
2178 1599 2364 1640 substan·

227 1669 312 1712 tivis
343 1671 636 1723 coniunctione,
670 1688 774 1729 quae
804 1681 865 1715 est
892 1672 943 1715 ob
972 1672 1254 1715 abundantiam
1285 1673 1483 1731 quandam
1514 1673 1746 1730 conspicua,
1782 1671 1928 1730 duplici
1959 1672 2078 1714 modo
2117 1682 2248 1729 potest
2282 1671 2362 1713 lieri

226 1742 315 1790 talis
360 1743 615 1787 abundantia.
674 1745 849 1788 'Primum
890 1745 991 1788 enim
1036 1754 1115 1788 tum
1153 1747 1206 1800 tit,
1241 1762 1328 1789 cum
1365 1745 1599 1788 substantivi
1636 1746 1743 1788 notio
1778 1745 1904 1788 altero
1938 1745 2119 1788 adiectivi
2155 1744 2361 1803 compositi

227 1817 404 1859 membro
446 1817 620 1873 iteratur,
662 1827 702 1860 ut
742 1818 779 1859 in
822 1819 1012 1860 vertendo
1054 1819 1239 1862 facillime
1281 1819 1402 1860 utaris
1438 1817 1608 1876 simplici
1645 1818 1855 1860 adiectivo.
1923 1818 2043 1859 tjuius
2079 1817 2260 1861 licentiae
2294 1832 2362 1858 ex-

225 1889 355 1948 empla
398 1890 495 1932 satis
535 1890 655 1932 multa
696 1891 845 1949 pariter
884 1900 1042 1933 exstare
1081 1893 1187 1951 apud
1243 1907 1383 1933 omnes
1426 1901 1566 1950 poetas
1607 1891 1782 1948 tragicos
1824 1906 1901 1932 non
1943 1901 2004 1932 est
2044 1891 2152 1949 quod
2194 1890 2357 1931 mireris.

226 1961 324 2005 Nam
355 1978 443 2007 cum
473 1979 521 2007 ea
551 1963 603 2007 sit
639 1963 778 2007 barum
806 1964 1103 2023 appositionum
1137 1965 1251 2019 ratio,
1287 1974 1326 2008 ut
1361 1982 1436 2007 non
1474 1974 1552 2007 tam
1588 1963 1803 2007 inserviant
1838 1964 2059 2008 evidentiae
2094 1962 2248 2023 qualem
2286 1962 2357 2005 sibi

226 2053 339 2080 mens
369 2037 611 2099 expostulat,
642 2055 761 2099 quam
789 2037 1040 2081 blandiantur
1063 2039 1250 2083 sensibus
1274 2039 1528 2096 audientium,
1564 2039 1770 2082 maximam
1810 2049 1962 2098 partem
1997 2056 2075 2082 non
2111 2048 2200 2081 sunt
2234 2037 2358 2079 inanis

226 2110 490 2169 loquacitatis,
525 2112 597 2155 sed
633 2112 885 2170 gratissimae
921 2112 1112 2156 ubertatis
1146 2113 1379 2172 specimina.
1424 2137 1475 2143 -
1513 2111 1613 2155 Tum
1648 2127 1741 2155 vero
1775 2112 1880 2171 apud
1906 2111 2132 2170 Euripidem
2167 2108 2357 2169 permulta

225 2182 350 2227 habes
384 2185 622 2244 composita,
663 2201 830 2244 quorum
871 2185 1039 2229 alterum
1073 2187 1306 2239 membrum,
1341 2201 1429 2229 cum
1466 2201 1542 2227 non
1579 2185 1723 2228 referat
1756 2185 1940 2239 eandem,
1975 2200 2077 2244 quae
2112 2183 2357 2226 substantivo

222 2257 405 2301 subiecta
447 2267 521 2313 est,
556 2246 772 2312 notionem,
806 2267 936 2302 tamen
971 2275 1135 2318 prorsus
1171 2260 1265 2303 nihil
1301 2260 1394 2303 facit
1429 2260 1479 2302 ad
1515 2259 1590 2302 loci
1628 2260 1876 2314 sententiam,
1912 2267 1952 2301 ut
1985 2258 2246 2317 compositum
2283 2272 2357 2315 pro

223 2329 392 2389 simplici
425 2332 621 2376 vocabulo
651 2341 883 2391 usurpatum
912 2349 1006 2376 esse
1035 2333 1118 2376 iure
1142 2334 1382 2377 contendas,
1431 2334 1488 2375 Ac
1524 2349 1616 2376 vere
1650 2333 1683 2375 si
1719 2332 1896 2375 volumus
1931 2332 2122 2383 iudicare,
2156 2330 2358 2374 fatendum

222 2402 308 2457 erit,
347 2403 452 2447 bunc
492 2404 776 2448 vocabulorum
817 2404 1129 2465 compositorum
1168 2404 1337 2448 abusum
1373 2421 1527 2448 summo
1563 2412 1683 2465 poeta
1716 2420 1855 2466 parum
1890 2404 2061 2464 dignum,
2094 2403 2212 2445 immo
2246 2418 2359 2446 com-

223 2477 440 2535 putandum
469 2494 562 2521 esse
592 2478 738 2521 levitati
769 2478 925 2521 cuidam
948 2478 1158 2537 Euripidis,
1192 2479 1260 2537 qui
1296 2494 1385 2521 cum
1422 2479 1673 2537 intellegeret
1706 2478 1951 2538 tragoediam
1986 2478 2112 2536 ipsius
2147 2492 2270 2536 opera
2307 2477 2358 2520 de

222 2548 431 2593 maiestate
471 2551 669 2594 deiectam
708 2559 748 2594 et
787 2567 911 2594 socco
951 2566 1081 2609 paene
1120 2551 1399 2594 incendentem
1439 2561 1547 2594 stare
1583 2568 1661 2594 non
1697 2568 1832 2610 posse,
1866 2551 1993 2593 omnis
2028 2550 2190 2608 generis
2225 2551 2359 2620 sucum,

223 2621 379 2666 inanem
412 2623 566 2668 avidius
600 2632 858 2669 consectatus
892 2632 931 2668 et
964 2624 1306 2683 intemperantius,
1340 2625 1556 2669 artificiose
1590 2625 1641 2669 ad
1673 2625 1875 2684 pristinam
1905 2623 2182 2667 sublimitatem
2212 2624 2359 2667 studuit

222 2711 313 2738 eam
336 2710 543 2740 revocare.
590 2697 736 2741 Contra
771 2713 875 2757 quae
909 2697 1015 2757 apud
1039 2697 1267 2757 Euripidem
1303 2698 1409 2742 haud
1443 2715 1534 2742 raro
1570 2714 1707 2758 parum
1743 2697 1886 2740 absunt
1918 2696 1969 2740 ab
2004 2697 2109 2740 inani
2145 2697 2357 2741 verborum

223 2769 369 2822 sonitu,
409 2770 551 2812 eadem
593 2772 699 2830 apud
742 2770 987 2829 Sophoclem
1029 2787 1241 2829 numquam
1282 2773 1333 2814 ita
1368 2772 1606 2814 adhibentur
1640 2780 1680 2812 ut
1714 2771 1873 2828 propria
1909 2785 1982 2812 sua
2018 2771 2053 2812 vi
2089 2771 2209 2829 plane
2241 2780 2358 2814 exuta

221 2843 314 2897 sint,
347 2842 421 2886 sed
455 2843 587 2902 potius
622 2844 891 2889 incredibilem
927 2844 1097 2888 orationi
1131 2855 1169 2888 et
1205 2855 1449 2888 venustatem
1485 2844 1635 2887 addunt
1669 2852 1708 2886 et
1741 2843 1988 2901 gravitatem.
2022 2844 2060 2886 id
2095 2845 2204 2903 quod
2238 2845 2357 2888 docta
